1652 2678
695 92 959 130 —149—

602 188 666 222 195.
707 188 751 220 De
771 189 883 221 saneta
902 186 1049 221 Caecilia.

164 260 220 293 la.
247 260 458 293 Exsultemus
485 268 556 293 cum
578 259 723 300 jucundo

249 309 364 350 Cantu,
391 309 490 342 corde
514 309 611 341 simul
634 309 754 342 mundo

296 356 440 399 Virginis
465 356 675 399 martyrium3

862 259 921 294 lb.
945 258 1047 292 Victis
1072 258 1176 303 hoste,
1203 267 1308 302 carne,
1336 259 1456 292 mundo

946 307 1087 343 Caecilia
1114 309 1154 341 de
1177 307 1341 349 profundo

995 356 1131 389 Scandit
1155 356 1197 389 acl
1222 355 1389 397 palatium.

165 417 223 449 23.
251 414 351 456 Virgo
368 415 523 458 prudens,
552 424 662 449 exsors
682 414 800 455 sordis,
862 414 922 449 2b.
946 415 1042 448 Foris
1067 414 1174 447 nitens
1198 413 1406 455 indumentis,

249 464 288 497 In
315 471 434 496 arcano
460 472 589 504 semper
615 463 722 496 cordis

297 511 437 546 Servans
464 511 675 553 evangelium,

164 573 223 606 3a.
253 569 465 604 Cantantibus
491 569 664 612 organistis

251 618 457 666 Commutarc
481 627 545 650 non
571 626 631 659 pro
656 617 728 649 istis

296 667 376 700 Vult
400 666 522 700 Christi
549 664 752 706 connubium,

165 726 223 758 4a.
251 724 441 765 stupentem
467 723 676 756 Valerianum

248 772 409 814 Sponsum
434 772 533 804 mittit
556 771 599 804 ad
618 770 799 812 Urbanum,

296 820 485 854 Praesulem
509 819 666 863 fidelium,

163 882 222 913 52.
252 878 394 912 Currunt
417 877 537 911 fratres
563 878 606 911 ad
628 879 802 917 certamen,
863 878 923 913 5b.

248 927 309 961 Cui
333 927 426 968 virgo
453 927 511 959 dat
534 927 689 968 solamen,

297 975 345 1008 Ut
369 975 502 1008 vincant
527 975 740 1018 supplicium3

946 463 1066 496 Subtus
1093 464 1213 496 cultum
1237 471 1356 504 parans
1380 462 1499 495 mentis

995 511 1139 544 Gerebat
1164 511 1313 544 cilicium.

862 568 920 604 3b.
945 569 1102 602 Fructum
1125 569 1247 603 ventris
1273 569 1440 610 virginalis

945 618 1087 658 Rogans,
1113 627 1154 650 ne
1178 618 1289 658 sponsi
1313 617 1452 651 carnalis

994 665 1120 698 Sentiat
1146 666 1337 708 contagium.

860 723 922 758 41³.
944 725 1045 765 Quem
1069 723 1104 756 in
1127 723 1195 758 fide
1219 724 1332 757 reddit
1355 731 1480 764 sanum,

946 772 1006 806 Cui
1030 772 1118 804 Deus
1145 775 1178 805 et
1202 781 1388 814 germanum

995 819 1104 853 Sociat
1131 820 1327 854 Tiburtium.

950 877 1047 912 Cadit
1072 887 1197 922 corpus
1225 881 1359 913 vincunt
1383 880 1489 911 tamen

947 925 1019 959 Nee
1043 930 1166 967 pavent
1188 927 1303 960 mortis
1326 934 1500 968 gravamen

995 975 1136 1018 Propter
1160 975 1247 1008 vitae
1273 975 1464 1015 praemium.

165 1036 222 1068 Ga.
249 1033 379 1074 Sponsa
403 1041 521 1073 sponso
542 1032 684 1065 reddens
701 1032 804 1064 vicem
864 1032 922 1067 6⁷0.
946 1033 1090 1074 Sponsus
1108 1042 1261 1074 sponsam
1273 1036 1500 1074 pugnatricem

247 1081 444 1115 Feriendam
471 1080 528 1114 dat
553 1081 711 1113 cervicem

298 1129 414 1171 Neque
439 1130 532 1161 timet
556 1129 709 1170 gladium,

166 1190 222 1222 7a.
252 1188 403 1228 Caecilia,
430 1197 489 1220 nos
516 1186 643 1228 exaudi,

247 1236 294 1270 Ut
320 1236 453 1269 resistas
479 1243 608 1276 semper
632 1234 742 1268 fraudi

297 1284 400 1317 Nobis
424 1283 685 1324 adversantium3

946 1081 1132 1115 Introducit
1154 1082 1189 1114 in
1215 1081 1343 1114 felicem

992 1129 1183 1162 Thalamum
1214 1130 1409 1164 coelestium.

863 1186 922 1220 7b.
944 1187 1064 1220 Sancto
1086 1186 1152 1220 fine
1180 1186 1235 1220 fac
1257 1197 1316 1220 nos
1343 1187 1451 1220 claudi

945 1235 992 1268 Et
1013 1238 1166 1268 vacantes
1191 1238 1267 1268 tuae
1290 1236 1381 1269 laudi

993 1283 1066 1316 Duc
1090 1284 1133 1317 ad
1155 1285 1248 1325 regni
1273 1284 1400 1317 solium.

237 1371 322 1400 Miss.
344 1379 397 1399 ms.
416 1370 584 1398 Venetense
606 1377 683 1398 saec.
708 1367 751 1397 15.
774 1367 845 1397 Cod.
865 1368 1078 1405 Rotomagens.
1099 1366 1166 1398 307.

603 1520 667 1553 196.
707 1521 754 1553 De
774 1522 883 1554 sancto
904 1520 1037 1553 calixto.

159 1606 216 1639 la.
242 1605 352 1637 Mater
378 1603 456 1637 Sion
480 1603 633 1645 gloriosa,

292 1652 497 1686 Hierusalem
527 1651 605 1694 filia,

159 1723 219 1755 Za.
246 1720 444 1763 Jucundare‚
472 1719 542 1753 dies
566 1720 632 1753 ista

292 1768 354 1800 tibi
380 1767 507 1801 confert
531 1768 660 1809 gaudia,

158 1840 215 1873 Sa.
242 1838 307 1870 Hic
332 1836 479 1871 Calixtus
505 1836 546 1869 ab
572 1839 679 1869 aetate

286 1886 466 1928 Juventutis
491 1883 609 1918 florida

242 1935 434 1969 Famulatur
459 1934 529 1975 regi
554 1942 612 1967 suo

291 1984 450 2018 servitute
476 1982 616 2017 fervida.

154 2056 212 2089 4a.
241 2053 362 2086 Contra
385 2052 483 2085 fidem
509 2052 740 2086 conterendam

287 2101 394 2143 surgit
417 2100 583 2142 idolatria,

238 2151 404 2184 Nazareos
429 2150 493 2183 Dei
516 2149 604 2182 viros

284 2201 445 2242 provocat
466 2197 510 2232 ad
533 2197 670 2239 proelia.

151 2272 211 2305 5a.
235 2267 433 2311 Imperant-is
456 2265 640 2301 Alexandri

286 2319 402 2352 ductus
428 2317 472 2350 ad
497 2314 672 2358 praetoria,

234 2368 286 2402 De
314 2366 466 2409 neganda
494 2363 616 2398 Christi
640 2363 710 2398 fide

283 2416 422 2458 suscipit
446 2414 621 2449 contraria.

861 1602 922 1637 lb.
943 1602 1147 1636 Jucundetur
1173 1600 1242 1634 Deo
1268 1601 1375 1635 libans

989 1659 1104 1684 vocum
1127 1650 1356 1683 modulamina.

857 1717 917 1752 2b.
940 1720 1029 1760 Quae
1055 1718 1174 1753 Calixti
1198 1718 1262 1750 viri
1288 1717 1394 1750 sancti

987 1766 1091 1799 refert
1114 1765 1274 1800 natalitia.

856 1833 915 1869 31).
937 1835 976 1868 In
1002 1843 1063 1875 quo
1090 1834 1178 1866 dulci
1201 1832 1359 1867 famulatu

990 1882 1097 1915 zabuli
1122 1881 1248 1915 familia

938 1931 1145 1965 Adversatur
1170 1929 1340 1964 famulanti

985 1980 1056 2013 veri
1080 1979 1144 2013 Dei
1168 1980 1288 2015 nescia.

855 2049 914 2085 4b.
936 2050 1061 2083 Horum
1086 2058 1179 2092 unus,
1205 2049 1257 2082 vir
1280 2049 1457 2090 Romanus,

987 2098 1080 2131 Petri
1103 2098 1238 2131 trahens
1262 2098 1356 2140 retia,

939 2148 1122 2188 coartatur,
1149 2147 1225 2180 dum
1249 2147 1406 2189 piscatur,

985 2199 1099 2237 raptus
1118 2196 1161 2229 ad
1183 2195 1319 2237 judicia.

853 2266 872 2300 5
880 2264 913 2300 b.
936 2264 1028 2305 Nega
1037 2263 1211 2305 Christum,
1225 2263 1330 2305 inquit
1343 2273 1487 2308 praeses,

986 2315 1019 2345 et
1045 2313 1107 2346 diis
1139 2311 1297 2353 sacrifica,

934 2363 1092 2404 Alioquin
1118 2371 1178 2403 per
1203 2364 1364 2396 tormenta

985 2411 1109 2454 peribis
1133 2410 1297 2446 horrifica.
