1652 2678
685 83 947 121 —288—

223 183 313 211 Miss.
332 192 386 211 ms.
401 183 631 211 Marehianense
650 190 727 210 saec.
750 179 795 209 12.
818 180 889 209 Cod.
902 181 1053 208 Duacens.
1074 175 1122 206 83.
1146 177 1213 205 add.
1235 183 1313 204 saec.
1337 173 1381 203 15.
1397 174 1432 203 A.
1446 189 1489 195 —-

149 220 239 249 Grad.
270 230 324 250 ms.
343 221 574 250 Marchianense
599 229 675 249 saec.
700 219 746 249 14.
777 219 848 249 cod.
873 220 1023 247 Duacens.
1046 214 1111 244 114.
1133 215 1199 244 add.
1222 222 1300 243 saecw
1325 212 1372 241 15.
1392 213 1426 242 B.
1448 229 1487 234 —-

150 259 268 288 Prosar.
289 270 343 289 ms.
363 260 593 289 Marchianense
612 268 690 287 saec.
712 257 757 287 15.
779 258 850 287 cod.
872 258 1021 286 Duacens.
1037 252 1101 283 123.
1120 254 1152 283 O.
1173 268 1212 273 -—
1231 253 1318 282 Miss.
1338 261 1394 280 ms.
1407 253 1489 280 Mar*

150 298 310 327 chiemense
329 308 407 327 saec.
430 297 475 327 16.
497 299 568 327 Cod.
588 298 737 326 Duacens.
756 298 794 326 D.

556 408 625 442 383.
665 409 710 441 De
731 418 773 441 ns.
794 409 888 442 Petro
911 409 945 440 et
963 405 1073 439 Paulo.

147 481 206 514 la.
234 480 425 513 Sanctorum
452 480 581 513 devotio

227 528 273 560 Et
293 527 400 561 cordis
431 527 592 569 contritio,

227 577 351 616 Monet,
374 577 412 606 ut
437 583 509 607 cum
531 574 649 616 gaudio

277 622 403 656 Clamet
427 632 527 657 amor.

144 681 200 714 2a.
226 681 309 721 Ave,
336 680 434 712 Petre
459 680 611 721 claviger,

230 728 336 769 Salve,
362 727 465 760 Paule
489 727 615 769 legifer,

226 775 292 808 Vos
319 776 413 809 decet
435 777 625 816 perenniter

273 823 361 856 Laus
386 826 421 855 et
443 824 556 858 honor.

142 882 200 915 3a.
226 881 326 922 Nero,
352 879 426 913 fons
448 880 619 922 perfidiae,

227 930 365 962 Amator
391 929 585 971 discordiae,

224 978 289 1010 Per
313 980 347 1010 te
372 977 469 1009 datur
494 977 591 1010 hodie

269 1025 447 1065 Medicina,

138 1084 195 1118 4a.
222 1083 349 1116 Praebe
374 1082 480 1115 cibum
502 1083 615 1116 ovibus

225 1131 305 1164 Tuis
330 1130 439 1163 verbis
466 1131 624 1170 dulcibus,

223 1179 272 1213 Ut
293 1182 422 1212 sumant
445 1179 479 1211 in
506 1178 658 1213 cordibus

275 1227 534 1261 Condimentum.

139 1286 196 1317 5a.
223 1284 334 1326 Paule,
367 1284 481 1316 doctor
506 1284 658 1325 gentium,

221 1333 290 1365 Fer
311 1341 428 1373 preces
453 1332 622 1365 humilium

225 1380 263 1412 In
292 1381 420 1414 Christo
445 1381 646 1414 credentium

276 1428 434 1469 Creatori,

843 478 904 512 lb.
923 478 1054 511 Amoris
1078 475 1242 516 probatio,

926 526 1023 560 Facti
1048 523 1216 564 exhibitio,

925 574 1129 607 Monstramr
1158 572 1276 604 solatio

974 620 1070 655 Vocis
1097 620 1229 653 clamor.

842 680 902 714 2b.
924 680 1039 721 Roma,
1064 681 1100 711 tu
1128 687 1162 711 es
1187 678 1295 711 lilium

925 729 990 762 Per
1013 729 1130 761 horum
1154 726 1358 767 martyrium,

927 776 1101 810 Civitatum
1127 775 1270 807 omnium

971 824 1051 857 Flos
1075 826 1108 855 et
1132 823 1224 858 odor.

841 880 901 915 ssb.
922 881 1007 921 Quia
1032 882 1126 914 dator
1151 881 1278 922 gratiae

924 930 1023 963 Petro
1050 931 1084 961 et
1108 929 1268 962 ecclesiae

924 977 1028 1010 Dedit
1051 977 1160 1010 claves
1185 978 1301 1010 veniae

972 1027 1038 1059 Pro
1064 1026 1203 1066 piscina.

837 1083 899 1116 4b.
923 1084 1063 1125 indulge
1087 1083 1301 1124 peccantibus

923 1132 1061 1165 Veniam
1084 1132 1295 1172 poscentibus

922 1180 968 1213 Et
992 1180 1072 1213 offer
1095 1190 1158 1221 pro
1186 1180 1306 1213 talibus

972 1228 1228 1261 Sacramentum.

839 1285 898 1319 5b.
922 1286 970 1319 Ut
992 1288 1087 1327 pater
1111 1295 1172 1326 per
1195 1285 1300 1319 filium

920 1334 987 1366 Det
1010 1333 1105 1367 nobis
1131 1335 1283 1367 solatium

921 1382 969 1416 Et
991 1385 1069 1423 post
1090 1382 1153 1415 hoc
1178 1382 1329 1416 exsilium

970 1430 1061 1463 Bene
1084 1431 1179 1466 mori.

216 1495 301 1522 Miss.
321 1503 392 1524 mss.
413 1495 617 1523 Gemeticense
637 1496 708 1523 anni
732 1494 815 1525 1495.
838 1495 909 1524 Cod.
931 1497 1143 1534 Rotomagens.
1167 1495 1236 1526 301.
1256 1512 1296 1517 —

551 1598 620 1630 384.
660 1597 704 1631 De
724 1607 766 1631 ss.
787 1599 881 1632 Petro
904 1601 937 1632 et
954 1600 1065 1632 Paulo.

165 1668 220 1702 la.
247 1668 319 1702 Rex
340 1672 501 1711 aeternus,
527 1673 636 1702 rector
651 1671 776 1714 mundi,

246 1718 375 1750 Primus
400 1721 514 1758 pastor
538 1719 572 1750 in
597 1719 732 1751 secundi

293 1766 463 1799 Laudetur
487 1766 637 1806 victoria,

163 1823 221 1855 {Ja-
245 1823 334 1856 Urbs
359 1823 537 1867 Nannetis,
565 1823 644 1857 urbs
669 1825 777 1870 beata,

248 1872 346 1904 Petro
371 1875 467 1912 patre
489 1872 681 1913 praedicata

294 1919 435 1961 Speciali
460 1930 604 1962 munere,

163 1977 220 2009 3a.
248 1977 336 2010 Nota
350 1979 485 2012 Petrum
505 1982 573 2011 tam
591 1978 776 2022 benignum,

247 2025 340 2064 Quod
360 2026 403 2059 ad
420 2027 491 2058 nuti
509 2027 629 2060 Christi
652 2028 779 2069 signum

294 2074 403 2107 Primo
428 2075 487 2107 sub
514 2076 682 2108 admonitu

164 2131 223 2163 42.
251 2130 368 2164 Statim
387 2131 552 2164 Christum
579 2136 629 2165 est
648 2136 777 2166 secutus

246 2178 292 2211 Et
314 2183 501 2221 sequentem
525 2181 590 2213 Dei
613 2183 711 2214 nutus

294 2228 350 2261 Ad
373 2227 507 2267 plenum
530 2229 748 2273 prosequitur,

164 2284 220 2315 5a.
246 2286 337 2317 Auro
362 2294 476 2319 carens
503 2289 535 2318 et
559 2289 693 2327 argento

248 2332 400 2366 Caritatis
426 2338 614 2374 argumento

297 2381 469 2414 Corruscat
494 2383 670 2424 miraculis,

863 1670 922 1705 1b.
946 1672 1063 1705 Petrus
1088 1676 1203 1713 pastor
1226 1674 1282 1706 hic
1305 1673 1468 1706 secundus

945 1720 1064 1754 Mundi
1078 1721 1195 1763 victor,
1208 1722 1331 1755 mundo
1341 1723 1482 1755 mundus

995 1769 1050 1802 Ex
1074 1770 1210 1803 coelesti
1234 1770 1350 1813 gratia.

863 1825 924 1861 2b.
947 1826 1043 1861 Servi
1065 1828 1158 1861 Petri
1189 1828 1359 1870 speciales,

946 1875 1064 1909 Servos
1089 1877 1188 1910 Petro
1218 1877 1384 1919 spiritales

993 1924 1062 1958 Nos
1088 1934 1237 1958 curemus
1262 1925 1413 1959 subdere.

861 1980 923 2015 3b.
943 1981 1079 2023 Linquit
1102 1986 1195 2027 rete,
1220 1984 1341 2024 linquit
1364 1987 1480 2026 ratem,

948 2030 1072 2063 Christi
1095 2040 1234 2072 sequens
1260 2033 1443 2074 veritatem,

992 2079 1135 2112 Rursum
1165 2084 1278 2122 raptus
1302 2082 1432 2122 spiritu.

862 2135 924 2169 4b.
947 2137 1099 2177 Paralysi
1130 2138 1315 2181 destitutua

945 2184 1085 2219 Sanitati
1109 2187 1281 2221 restitutus

995 2234 1126 2268 Aeneas
1152 2236 1300 2277 erigitur.

864 2289 924 2324 5b.
947 2290 1107 2325 Claudum
1131 2294 1232 2327 solvit
1254 2295 1290 2327 in
1318 2299 1483 2330 momento

945 2340 977 2371 A
1001 2340 1152 2374 morboso
1177 2346 1371 2375 nocumento

992 2388 1039 2420 Et
1055 2397 1232 2422 nervorum
1256 2390 1406 2426 vinculis.
