1652 2678
740 129 785 134 ——
836 107 906 142 229
957 129 1002 133 —-

204 206 247 241 11
258 216 288 240 a.
313 206 417 250 Ergo,
443 209 569 247 martyr
594 207 744 247 gloriose,
904 205 989 240 nb.
1007 205 1094 239 Urbi
1115 205 1216 246 junge
1241 214 1299 238 nos
1326 204 1497 240 formosae.

313 255 372 289 Cui
392 255 494 287 melos
516 255 612 295 hujus
637 264 755 296 prosae
1011 255 1051 288 In
1078 263 1140 295 qua
1165 254 1270 286 sancti
1295 255 1384 287 velut
1406 261 1498 287 rosae

363 303 513 337 Concinit
538 304 685 344 ecclesia,
1061 302 1223 336 Redoleut
1250 304 1282 334 et
1306 303 1387 335 lilia.

206 361 285 395 12a.
313 362 425 404 Adsis,
452 364 578 402 martyr
603 362 755 402 pretiose,
904 361 988 395 121).
1012 361 1059 394 Et
1082 371 1102 394 a
1131 360 1227 393 vallis
1254 360 1445 393 tenebrosae

361 409 484 443 Christi
511 410 614 442 dulcis
640 410 756 451 hostia,
1060 409 1129 442 Nos
1156 409 1238 441 educ
1262 409 1403 442 miseria.

281 472 367 500 Miss.
394 479 448 500 ms.
479 471 651 499 Biterrense
672 480 749 500 saec.
779 469 823 499 14.
852 471 923 499 Cod.
955 471 984 499 S.
1011 471 1138 508 Josephi
1157 471 1349 507 Lugdunens.
1369 471 1424 499 Yd.
1450 469 1476 497 Γ).
1502 485 1541 490 -

201 508 255 544 4ἃ,
281 508 296 538 1
319 511 440 539 claritas
461 510 517 538 Hs.
539 525 576 530 —
597 508 648 545 4a,
670 508 690 538 4
711 511 819 538 caritas
840 510 895 538 Hs.
916 525 954 529 —
973 509 1026 545 61),
1049 508 1067 539 3
1087 510 1208 538 molitur
1228 510 1411 546 passivisch3
1437 510 1457 537 1.
1481 517 1543 537 mo-

202 550 310 577 vetur?
332 565 370 569 —-
389 548 444 585 eb,
465 547 484 576 2
506 558 654 577 summum
675 549 760 578 ducis
778 549 835 577 Hs.

628 632 698 664 304.
740 632 785 663 De
807 632 917 664 sancto
938 632 1120 666 Laurentio.

672 696 702 729 1.
730 694 855 735 Dignus
882 697 932 727 est
955 696 1111 728 memoria

729 742 859 776 Meritis
886 745 919 775 et
943 744 1050 784 gratia

777 790 895 823 Levita
923 791 1130 834 Laurentius,

203 852 261 885 2a.
288 850 349 891 Qui
375 858 435 890 per
458 850 509 881 tot
533 848 695 886 incendia,
903 849 963 882 21).
985 850 1119 883 Inhians
1147 849 1339 882 coelestibus

287 899 416 932 Poenas
445 899 478 929 et
503 897 682 938 opprobria
985 897 1154 938 Dispersit
1178 898 1375 938 pauperibus

336 946 468 986 Martyr
494 948 544 977 est
569 946 725 987 egregius.
1034 946 1220 979 Thesauros
1246 946 1412 978 ecclesiae.

203 1006 259 1038 Sa.
285 1004 406 1037 Decius
430 1003 593 1044 irascitur,
904 1003 963 1038 3b.
986 1003 1148 1037 Lucillum
1174 1003 1337 1035 illuminat

288 1051 483 1085 Laurentius
510 1051 661 1084 subditur
985 1053 1134 1092 Caecum,
1158 1060 1251 1092 quem
1278 1052 1422 1084 eliminat

336 1099 484 1134 Carceris
508 1100 678 1141 miseriae3
1033 1101 1064 1133 A
1089 1099 1175 1133 nube
1200 1100 1377 1141 gentilium.

203 1160 262 1193 4a.
290 1159 355 1191 Per
379 1158 466 1190 hunc
489 1166 622 1190 servans
648 1157 757 1190 aditus
901 1157 960 1191 4b.
983 1158 1048 1190 Per
1071 1158 1158 1190 hunc
1183 1158 1270 1189 visus
1296 1158 1447 1190 redditur

289 1205 440 1241 Credidit
463 1205 664 1246 Hippolytus
986 1205 1101 1246 Caeco,
1127 1208 1234 1237 mutus
1259 1206 1412 1246 loquitur.

288 1255 358 1296 Ope
388 1253 493 1287 sancti
518 1253 652 1294 spiritus
986 1253 1128 1287 Claudus
1154 1255 1244 1285 recte
1269 1254 1428 1294 graditur,

335 1303 374 1335 In
398 1304 527 1344 patrem
549 1304 582 1333 et
605 1300 718 1335 filium.
1036 1302 1061 1335 Ο
1088 1301 1168 1334 felix
1192 1302 1395 1343 martyrium.

202 1363 259 1396 521.
287 1361 384 1394 Felix
411 1368 486 1393 caro
511 1368 573 1392 nec
595 1358 718 1403 feralis,
902 1359 962 1394 5b.
985 1359 1091 1400 Super
1114 1359 1213 1393 rebus
1240 1360 1391 1401 erogatis,

286 1409 384 1450 Cujus
414 1408 483 1441 vita
507 1408 666 1449 spiritalis
981 1407 1186 1449 Pauperibus
1212 1408 1438 1448 praesentatis.

332 1457 405 1490 Non
431 1456 532 1488 sentit
556 1456 751 1497 supplicium
1034 1456 1089 1489 Sic
1114 1456 1161 1489 ait
1184 1456 1227 1488 ad
1251 1456 1405 1489 Decium:

200 1517 258 1551 ea.
285 1516 385 1556 Ecce,
412 1514 505 1547 vides
530 1514 585 1546 hic
609 1514 806 1554 thesaurum,
901 1515 959 1549 6b.
982 1514 1080 1547 Hunc
1100 1514 1286 1547 thesaurum
1304 1515 1412 1547 nullus
1430 1513 1543 1555 prodit

283 1565 468 1598 Pretiosum
493 1571 592 1604 super
617 1572 740 1604 aurum,
982 1563 1052 1596 Aut
1076 1562 1205 1595 furatur
1229 1571 1291 1595 nec
1317 1563 1459 1595 corrodit

334 1612 479 1646 Granum
507 1612 577 1643 sine
602 1611 708 1652 palea,
1032 1612 1163 1652 Aerugo
1185 1620 1246 1643 nee
1265 1611 1364 1644 tinea.

200 1672 256 1705 Ta.
285 1671 436 1704 Clamans
454 1669 569 1710 inquit,
589 1670 664 1702 dum
681 1668 839 1708 furcatur,
902 1669 960 1703 7b.
984 1670 1010 1703 Ο
1039 1678 1133 1711 quam
1157 1669 1241 1701 mira
1264 1669 1368 1702 virtus
1391 1669 1520 1701 mentis.

282 1720 439 1753 Assatum
465 1719 524 1758 est,
552 1718 790 1758 commedatu1v;
986 1718 1075 1758 Quae
1097 1726 1159 1750 nec
1180 1717 1276 1749 minis
1293 1726 1355 1750 nec
1372 1718 1542 1750 tormentis

334 1768 359 1801 O
385 1766 468 1800 mira
492 1765 662 1807 patientia,
1032 1767 1063 1799 A
1090 1765 1219 1800 Christo
1244 1765 1283 1797 fit
1309 1766 1414 1805 devia,

330 1816 420 1849 Mira
442 1814 507 1847 viri
528 1814 676 1846 victoria.
1033 1814 1081 1848 Ut
1106 1814 1193 1847 colat
1217 1814 1393 1855 sculptilia.

196 1876 259 1909 8a.
285 1875 326 1908 In
352 1873 487 1907 fornace
512 1872 704 1905 constitutus
901 1872 961 1907 8b.
986 1872 1093 1913 Hujus
1118 1881 1217 1913 prece
1242 1881 1301 1904 rex
1328 1873 1500 1912 coelorum,

279 1923 326 1956 Et,
349 1923 385 1955 in
408 1923 483 1963 igne
508 1921 573 1955 fuit
596 1923 696 1962 tutus,
985 1921 1066 1954 Jesu
1092 1921 1187 1962 bone,
1213 1921 1270 1961 qui
1293 1930 1425 1954 suorum

282 1972 313 2005 A
339 1971 473 2005 fornace
500 1970 677 2003 dissolutus
983 1969 1160 2002 Laurentio
1186 1972 1420 2002 tormentorum

330 2018 544 2054 Transfertur
568 2019 602 2051 in
627 2019 778 2059 patriam.
1034 2018 1166 2052 Dedisti
1194 2018 1374 2059 victoriam,

607 2078 639 2111 9.
666 2077 784 2110 Dando
809 2075 902 2108 nobis
929 2077 1056 2110 veniam

667 2123 826 2158 Transfer
854 2135 913 2158 nos
939 2126 974 2158 in
999 2126 1147 2167 gloriam.

271 2191 358 2219 Miss.
384 2198 438 2219 ms.
465 2189 635 2217 Venetense
661 2197 740 2217 saec.
770 2185 815 2216 15.
841 2187 912 2216 Cod.
940 2188 1152 2226 Rotomagens.
1178 2185 1244 2216 307.
1270 2203 1311 2208 -
1331 2186 1390 2221 510,
1414 2186 1430 2215 1
1458 2194 1538 2215 carre

192 2230 266 2259 oder
286 2238 372 2258 carce
391 2230 447 2258 Hs.
467 2243 506 2247 —
527 2226 579 2263 7a,
604 2226 619 2256 1
640 2228 757 2256 furatur
776 2227 833 2255 Hs.

563 2312 632 2346 305.
673 2312 717 2346 De
738 2322 762 2346 s.
783 2312 957 2345 Laurentio
980 2312 1178 2348 Dublinensi.

195 2379 249 2413 la.
279 2378 449 2419 Supernae
475 2377 588 2410 matris
614 2375 682 2410 filia
898 2375 958 2411 1b.
985 2376 1084 2417 Cujus
1112 2378 1161 2408 est
1185 2375 1228 2408 ad
1256 2376 1410 2408 coelestia

278 2427 437 2461 Laetetur
465 2426 547 2459 haec
571 2426 718 2466 ecclesia,
981 2425 1108 2467 Raptus
1134 2424 1252 2466 hospes
1273 2424 1427 2466 hospitia.
