1652 2678
709 129 877 166 —231
930 151 974 155 ——

171 231 230 263 4a.
259 229 402 263 Dorsum
428 238 520 262 suum

308 277 419 311 domat
444 278 560 319 cilicio,

259 326 339 359 Pari
362 329 517 368 torquens

307 383 404 407 crura
428 374 607 417 supplici03

176 448 237 481 53.
264 448 393 487 Aquam
418 447 513 488 bibit,

307 504 390 536 quae
414 496 524 528 vinum
548 495 679 527 simulat

260 544 355 578 Uvae
384 553 482 584 super

309 601 444 633 aspersa
466 591 631 633 sanguine.

178 665 235 698 6a.
262 664 330 696 Dat
354 663 537 705 quingentis

310 720 351 743 ex
376 712 442 744 suis
470 710 608 751 dapibus

260 759 355 793 Omni
381 760 435 792 die

309 807 416 840 cibum
441 806 650 849 pauperibus,

175 881 233 913 ¹7a.
261 879 375 913 Nudos
402 881 509 919 vestit,

309 928 455 968 captivos
480 927 613 961 redimit

258 977 304 1010 Et
327 976 458 1018 liberat,

306 1033 386 1064 quos
410 1024 513 1057 hostis
539 1024 703 1064 opprimit.

175 1097 230 1130 Sa.
258 1096 313 1129 Sic
339 1096 448 1137 egenis

309 1146 426 1177 cuncta
451 1145 661 1185 disperserat,
685 1171 691 1177 .

259 1192 353 1234 Quod
378 1193 432 1224 vel
459 1201 624 1225 nummum

306 1240 448 1281 migrans
473 1249 538 1273 non
562 1240 686 1273 habuit.

175 1314 232 1347 9a.
258 1312 359 1346 Bonis
386 1321 462 1353 ergo

308 1369 480 1401 sequamur
504 1360 660 1401 moribus,

256 1411 356 1451 Quem
377 1410 446 1450 jam
471 1408 591 1442 scimus

307 1458 463 1498 adeptum
492 1458 645 1498 requiem,

874 228 935 262 4b.
957 227 1018 261 His
1044 227 1172 261 accedit

1006 276 1144 317 supplex
1169 276 1282 319 oratio,

957 324 1163 366 Impinguata

1003 373 1075 415 jugi
1095 373 1230 413 jejunio.

876 446 934 479 5b.
966 446 1112 479 Laudem
1138 444 1231 487 fugit,

1007 495 1067 527 sed
1090 494 1220 527 laudem
1247 494 1389 526 cumulat

955 543 1050 575 Novo
1074 542 1179 574 virtus

1007 591 1111 623 latens
1137 590 1196 623 sub
1222 590 1372 631 tegmine.

876 662 934 696 6b.
956 663 1003 695 Et
1026 664 1189 704 projectos

1010 721 1030 744 a
1056 710 1145 744 duris
1169 710 1325 744 matribus

958 759 1026 792 Dat
1050 759 1184 792 alendos

1005 808 1069 848 piis
1095 808 1285 841 nutricibus,

875 881 935 913 7b.
960 879 1014 912 Sic
1037 880 1206 912 thesauros

1006 932 1161 969 paternos
1187 928 1311 960 dirimit

959 976 1006 1010 Et
1031 976 1192 1009 coelorum

1007 1024 1167 1057 thesauris
1192 1023 1360 1065 imprimit,

875 1096 936 1130 8b.
958 1098 1042 1138 Quia
1066 1096 1147 1129 nihil

1008 1144 1151 1178 dandum
1176 1147 1355 1187 supererat,

958 1193 1200 1226 Testamentum

1003 1242 1128 1274 nullum
1155 1241 1324 1283 disposuit.

874 1312 934 1346 912.
956 1313 1006 1347 Ut
1029 1313 1189 1354 possimus

1004 1362 1094 1394 illius
1118 1362 1271 1402 precibus

956 1410 1055 1451 Regis
1077 1418 1189 1451 regum

1004 1459 1118 1491 videre
1142 1457 1270 1492 faciem.

249 1542 338 1572 Grad.
359 1552 414 1571 ms.
434 1544 575 1580 Augense
593 1552 670 1571 saec.
694 1541 738 1570 15.
761 1542 831 1571 Cod.
852 1544 1063 1580 Rotomagens.
1086 1541 1151 1571 250.

599 1685 667 1717 307.
710 1685 754 1717 De
774 1687 884 1718 sancto
904 1685 1088 1718 Laurentio.

171 1835 228 1869 la.
255 1836 390 1869 Interna
416 1835 525 1869 cordis
551 1836 670 1876 gaudia

253 1883 418 1918 Concordi
440 1893 506 1917 vox
529 1883 700 1917 harmonia

303 1931 514 1966 Demonstret
539 1933 691 1976 exterius,

170 2006 227 2039 Za.
254 2005 328 2039 Hac
351 2005 385 2038 in
412 2006 465 2038 die
490 2005 696 2046 Laurentius,

253 2053 376 2087 Christi
405 2055 538 2095 praesul
564 2056 711 2096 egregius

302 2102 405 2136 Urbis
434 2103 633 2145 Dubiliniae,

167 2177 225 2209 3a.
254 2175 320 2208 Hic
348 2176 391 2208 ad
418 2175 581 2217 baptisma
607 2176 735 2209 delatus

249 2224 448 2257 Laurentius
474 2226 525 2257 est
548 2228 682 2258 vocatus

299 2273 492 2314 Prophetali
516 2272 649 2315 famine,

164 2348 223 2381 4a.
250 2346 333 2380 Auri
361 2346 452 2379 viror
478 2355 543 2379 non
567 2347 750 2389 marcescit,

249 2395 386 2438 Semper
411 2396 507 2435 viret,
533 2396 585 2428 uri
610 2396 717 2429 nescit

295 2444 439 2478 Hiemali
465 2444 607 2488 frigore3

745 1755 803 1786 Die
823 1755 935 1787 Tertia.

872 1836 930 1870 1b.
955 1835 1146 1869 Gratuletur
1171 1837 1339 1876 Hibernia,

956 1884 1023 1918 Sed
1047 1886 1210 1926 Augensis
1236 1886 1373 1919 ecclesia

1004 1934 1155 1967 Resultet
1178 1934 1319 1967 uberius,

871 2006 930 2041 2b.
956 2006 1070 2040 Clarus
1094 2007 1196 2048 regali
1222 2016 1350 2050 genere,

956 2055 1071 2089 Clarus
1097 2056 1254 2088 virtutum
1279 2065 1378 2097 opere

1003 2104 1142 2138 Causam
1168 2105 1226 2137 dat
1245 2106 1402 2139 laetitiae.

870 2177 929 2212 3b.
955 2178 1001 2211 Ut
1025 2178 1118 2210 lauro
1144 2178 1188 2210 sit
1215 2181 1386 2219 coaptatus

952 2225 1024 2258 Nec
1047 2227 1160 2259 laurea
1185 2227 1229 2260 sit
1252 2227 1410 2270 privatus,

1000 2275 1075 2308 Tali
1102 2275 1198 2308 datur
1222 2277 1362 2311 nomine.

869 2347 929 2383 4b.
953 2349 1040 2381 Puer
1065 2352 1197 2382 sanctus
1222 2351 1270 2383 sic
1293 2351 1436 2393 virescit,

954 2396 1142 2431 Gratiarum
1169 2399 1244 2432 dum
1271 2401 1430 2433 excrescit

1001 2447 1048 2480 Et
1071 2446 1229 2482 virtutum
1255 2448 1398 2483 foenore.
