1652 2678
717 116 761 120 —
818 94 985 131 285—

170 191 226 227 33.
255 191 322 224 Hic
347 191 441 233 prius
464 193 566 226 nimia
874 193 934 228 31).
958 194 1099 227 Vocatus
1125 204 1145 227 a
1169 195 1241 228 Deo

254 240 451 274 crudelitate
476 251 535 275 sua
958 244 991 274 et
1014 242 1182 283 projectus
1210 243 1252 276 ab
1279 252 1327 284 eo,

254 298 429 331 Ministros
458 299 579 333 Christi
603 300 743 333 viventis
955 301 1056 341 Quem
1074 304 1253 343 spreverat,
1279 310 1367 334 nunc
1383 301 1509 341 adorat,

254 346 294 379 ob
304 346 442 387 gloriam
451 357 602 389 premens
611 358 689 381 suae
695 349 811 392 gentis,
956 349 1030 390 plus
1057 350 1180 382 cunctis
1198 349 1353 390 apostolis
1369 349 1508 383 laborat.

169 405 227 438 4a.
257 404 466 438 caedendum
493 415 528 438 se
548 406 685 447 praebet
705 406 811 448 plagis
870 406 932 441 4b.
954 406 1079 439 Scimus
1105 406 1198 440 illum
1222 407 1269 440 sic
1293 407 1423 449 vixisse,

252 452 480 495 pressurisque
504 455 625 496 multis,
954 455 1008 495 qui
1034 457 1149 495 postea
1173 456 1295 489 Romae

252 500 288 532 in
312 501 400 533 omni
425 502 525 535 verbo
954 505 1004 535 est
1027 502 1132 536 factus
1159 505 1249 538 Petri

250 548 314 581 Dei
341 549 490 583 celebris.
957 560 1088 584 consors
1114 561 1259 585 coronae.

244 615 329 644 Miss.
348 624 403 644 ms.
424 617 582 645 Aeduensc
602 625 678 645 saec.
703 614 747 644 14.
769 616 840 645 Ood.
862 616 973 645 Semin.
987 617 1135 647 Aeduens.
1159 616 1223 646 121.
1241 619 1277 646 A.
1294 634 1333 639 —
1348 619 1432 647 Miss.
1453 627 1507 647 ms.

168 654 254 682 Card.
278 654 371 682 Rolin
391 662 468 684 saec.
492 654 536 683 15.
560 655 630 683 Ood.
652 654 763 683 Semin.
784 655 932 684 Aeduens.
956 653 1020 685 110.
1034 657 1069 684 B.
1085 671 1123 677 —-
1136 657 1221 685 Miss.
1242 667 1296 686 ms.
1315 657 1401 685 Oai-d.
1415 658 1507 686 Rclin

167 701 245 721 saec.
275 690 319 721 15.
341 692 411 721 God.
434 693 545 722 Semin.
565 693 714 722 Aeduens.
740 702 764 721 s.
792 694 868 730 sign.
891 694 922 722 C.
944 709 982 713 -
1001 695 1087 723 Miss.
1109 704 1164 724 ms.
1184 696 1341 724 Aeduense
1361 705 1429 725 saec
1461 695 1496 724 15

166 731 238 759 God.
261 731 371 759 Semin.
394 731 543 760 Aeduens.
570 730 634 760 115.
655 733 693 760 D.
714 747 750 751 —
775 732 860 760 Miss.
880 741 935 761 ms.
956 733 1114 762 Aeduense
1135 743 1211 763 saec.
1234 733 1279 763 15.
1301 734 1370 763 Ood.
1393 734 1503 763 Semin.

166 770 314 799 Aeduens.
346 768 410 798 117.
439 771 474 798 E.
496 785 535 790 —
554 771 641 800 Mass.
666 780 721 799 ms.
741 770 900 799 Aeduensc
925 773 998 800 anni
1026 770 1111 800 1476.
1133 773 1203 802 Cod.
1225 772 1335 802 Semin-
1354 773 1484 802 Aeduen.
1502 794 1505 800 .

166 806 222 837 118
241 809 289 837 bis
309 809 343 837 F.
365 823 403 828 —
425 809 514 837 Mel.:
534 810 684 838 Victimae
704 809 850 846 paschali.

560 903 627 935 378.
670 903 705 935 In
729 901 940 935 conversione
963 911 987 934 s.
1007 903 1111 935 Pauli.

164 974 222 1009 la.
248 975 288 1007 In
315 974 449 1007 coelesti
477 975 663 1007 hierarchia
869 974 927 1008 lb.
952 974 1009 1007 Cui
1037 976 1212 1008 concordet
1236 977 1269 1008 in
1294 976 1356 1008 hac
1380 976 1434 1009 via

249 1022 345 1055 Nova
373 1026 465 1055 sonet
490 1023 662 1056 haemonia
952 1022 1188 1056 Conversorum
1207 1024 1349 1056 melodia

299 1071 393 1104 Novo
421 1072 518 1104 ducta
544 1072 679 1111 cantico,
998 1071 1100 1104 Paulo
1125 1073 1269 1113 psallens
1294 1070 1432 1106 modicO.

163 1130 222 1164 29..
248 1128 301 1162 Ex
326 1129 480 1170 Aegypto
505 1129 669 1163 vastitatis
867 1128 926 1164 2b.
949 1129 989 1162 In
1014 1127 1138 1162 fiscella
1160 1129 1362 1170 paupertatis

249 1178 316 1210 Vas
343 1177 481 1210 electum
506 1179 603 1211 ornat
628 1177 730 1219 gratis
948 1176 1086 1209 Flumen
1111 1178 1230 1210 transit
1252 1177 1406 1210 vanitatis

298 1225 459 1267 Christus,
486 1229 600 1258 auctor
625 1225 757 1268 saeculi,
998 1226 1063 1258 Pro
1087 1226 1193 1258 salute
1215 1226 1337 1266 populi.

165 1285 222 1318 3a.
248 1284 289 1317 In
315 1282 426 1315 furore
451 1283 551 1316 animi
866 1283 924 1318 31).
947 1285 1071 1317 Parens
1098 1282 1226 1316 Christo
1252 1283 1403 1324 trahitur,

246 1333 442 1365 Persecutor
467 1331 599 1365 Domini
948 1332 1003 1364 Ad
1028 1330 1225 1371 baptismum
1251 1331 1389 1371 ducitur,

296 1380 425 1414 Cadens
451 1380 623 1421 excitatur,
996 1379 1122 1412 Mundo
1150 1380 1342 1414 destinatur.

161 1440 219 1473 4a.
246 1438 312 1471 Hic
338 1438 459 1471 electus
485 1438 705 1479 praedicator,
863 1438 923 1472 4b.
946 1437 1069 1478 Vulpes
1096 1437 1235 1478 dissipat
1259 1437 1422 1470 Samsonis

246 1487 310 1521 Hic
334 1486 427 1519 Elias
453 1487 634 1519 aemulator
946 1486 992 1519 Et
1015 1486 1051 1518 in
1076 1485 1156 1519 tuba
1182 1485 1346 1519 Gedeonis

292 1535 339 1568 Et
365 1535 531 1568 detestans
558 1535 704 1576 crimina,
994 1534 1108 1567 Hostis
1134 1534 1226 1575 fugat
1251 1534 1388 1575 agmina.

158 1596 216 1628 5a.
243 1595 276 1627 A
302 1592 466 1627 defunctis
493 1595 679 1626 revocatum
862 1593 922 1628 5h.
946 1592 1055 1627 Verbo
1083 1593 1187 1625 crucis
1214 1592 1301 1625 orbis
1327 1592 1426 1633 cedit,

243 1642 323 1675 Alto
348 1642 477 1681 lapsum
504 1642 562 1674 dat
582 1643 731 1674 sanatum
945 1642 1148 1682 Paganorum
1175 1641 1272 1673 turba
1297 1640 1411 1680 credit,

293 1690 415 1723 Vivens
440 1690 548 1722 adhuc
573 1698 719 1730 corpore,
992 1689 1100 1722 Docta
1124 1690 1188 1722 Dei
1211 1697 1353 1722 munere.

159 1751 216 1784 6a.
243 1748 350 1789 Felix,
376 1755 437 1787 per
463 1756 558 1788 quem
583 1747 703 1788 gaudia
860 1748 920 1782 6b.
943 1747 1079 1781 Clericis
1103 1747 1232 1780 laetitia

243 1797 327 1830 Tota
349 1796 418 1836 jam
444 1795 583 1828 ecclesia
943 1796 989 1829 Et
1015 1796 1179 1828 conversis
1205 1795 1310 1836 gloria

293 1844 428 1878 Sumens
455 1845 629 1885 exaltatur,
993 1843 1109 1877 Secum
1135 1844 1324 1879 collaeatur.

157 1906 214 1940 7a.
241 1904 296 1937 Ah
310 1912 406 1944 quam
418 1902 538 1944 probat
551 1902 658 1934 carnis
671 1900 795 1944 florem,
860 1902 920 1937 7b.
943 1902 1046 1944 Aegri
1069 1905 1205 1935 currunt
1229 1904 1262 1934 et
1287 1904 1452 1942 curantur,

241 1953 375 1987 Omnem
402 1960 560 1993 superans
587 1950 761 1983 candorem
943 1950 1049 1992 Caeci,
1077 1950 1186 1984 claudi
1211 1953 1406 1991 reparantur

286 2000 399 2034 Laetis
429 1999 647 2034 exundantia!
992 1999 1157 2033 Virtutum
1181 1998 1375 2040 frequentia.

155 2062 212 2096 Sa.
239 2059 371 2093 Laudes
396 2059 473 2092 hinc
498 2067 570 2091 cum
595 2058 741 2099 tripudio
858 2058 918 2093 8b.
940 2058 1053 2092 Glama
1077 2061 1193 2098 petens
1218 2056 1372 2099 suffragia

238 2108 340 2142 Paulo
368 2108 481 2141 demus
508 2107 625 2140 eximio
940 2107 1023 2148 Ejus
1049 2115 1187 2148 sequens
1211 2106 1349 2148 vestigia

286 2157 375 2189 Voce
399 2157 507 2197 plena,
987 2155 1087 2188 Plebs
1113 2164 1225 2198 egena.

152 2218 210 2251 9a.
239 2216 305 2250 Sed
330 2218 377 2256 tn,
407 2214 521 2248 doctor
546 2215 610 2255 pie,
637 2213 722 2247 bone
856 2214 916 2249 9b.
939 2214 1040 2255 Apud
1067 2222 1177 2247 curam
1202 2213 1318 2246 summi
1343 2213 1429 2254 regis

235 2266 356 2299 Pastor
381 2264 488 2306 gregis
515 2267 548 2296 et
570 2266 720 2304 patrone,
941 2262 1176 2297 Conversorum
1201 2263 1289 2296 vices
1313 2263 1420 2304 gregis

282 2315 386 2348 Prece
409 2321 538 2354 semper
564 2312 680 2345 sedula
989 2311 1188 2345 Commenda
1211 2321 1272 2353 per
1297 2311 1436 2345 saecula.

210 2383 320 2451 hizlliiss.1
331 2389 386 2450 ilns.
407 2380 663 2410 Praedicatorum.
687 2388 764 2408 saec.
789 2377 833 2408 14.
856 2379 926 2408 God.
948 2379 1107 2409 Graecens.
1128 2377 1194 2408 878.
1215 2396 1253 2400 —
1274 2379 1334 2408 Di'e
1353 2379 1424 2407 Mel.
1445 2379 1495 2407 be-

145 2424 211 2452 zeic
254 2425 285 2451 et
323 2443 330 2457 ‚
354 2442 361 2449 .
