1652 2678
202 288 261 323 la.

205 395 262 427 2a.

203 503 261 536 3a.

203 658 261 690 4a.

202 764 261 795 5a.

203 918 261 951 6a.

205 1025 262 1056 73..

203 1131 261 1164 Sa.

202 1236 258 1268 9a.

176 1343 256 1376 103.

174 1449 258 1482 113.

719 113 984 149 -147—

628 216 690 249 193.
730 217 777 250 De
797 218 908 250 saneto
928 217 1061 250 Briceio.

289 289 328 322 In
354 289 465 323 natale
488 289 571 322 tanti
596 288 660 323 viri

338 337 478 379 gaudeat
500 338 582 370 haec
608 338 730 379 concio,

292 395 352 435 Qui
377 397 567 437 temptatus,
592 397 631 429 ut
653 398 817 439 peccaret,

339 443 401 476 fnit
428 453 449 476 a
475 443 655 488 daemonio,

290 501 357 535 Sed
399 501 451 535 vir
491 505 622 535 sanctus
663 502 818 535 mundum

586 558 741 591 spernens

341 603 375 631 et
397 599 536 631 mundus
561 609 582 632 a
606 598 686 631 vitio

289 656 363 689 Hoc
386 656 541 699 probavit
563 655 646 698 ignis
671 655 801 696 ardens,

337 712 431 746 quem
455 704 599 744 portavit
623 704 735 745 Ρ31110,

290 762 417 802 Pulsus,
445 764 580 802 tractus,
601 761 693 794 exsul
714 760 816 794 factus

336 858 443 899 plebis
470 857 641 899 maleficio,

288 917 353 950 Pro
379 917 468 950 beati
489 917 579 958 juste
602 915 672 958 pati

336 975 372 998 se
395 965 508 998 dicens
535 964 722 1008 opprobrio,

289 1022 388 1056 Hunc
410 1022 549 1055 honorat
574 1032 613 1056 ac
639 1022 784 1065 decorat,

337 1073 501 1105 restaurat
523 1070 642 1113 officio,

289 1128 485 1172 Celebravit,
511 1129 714 1162 consecravit

338 1177 482 1211 divinum
506 1176 707 1219 mysterium,

285 1234 498 1268 Armentinus
528 1234 717 1275 repentinus

334 1283 449 1317 mortis
474 1283 508 1315 in
535 1282 648 1315 exsilio

285 1342 347 1375 Dei
373 1342 461 1376 (lona
484 1341 588 1374 multa
611 1340 697 1374 bona

330 1389 496 1423 ministrat
518 1389 554 1423 in
578 1390 724 1431 propria,

284 1448 367 1489 Ejus
389 1448 447 1489 pia
470 1446 624 1489 suffragia

330 1497 514 1538 perducant
538 1497 582 1529 ad
607 1496 736 1538 gaudia.

902 290 961 324 lb.
986 290 1034 324 Ut
1059 298 1119 330 per
1143 289 1250 330 ipsum
1274 288 1408 324 liberari

1032 338 1139 380 possit
1163 347 1182 371 a
1207 337 1379 379 supplicio.

903 396 964 430 2b.
986 396 1091 438 Saepe
1115 395 1178 428 sibi
1202 395 1443 437 proclamante:

1037 445 1087 478 eia
1108 446 1150 484 te,
1176 445 1315 477 Bricci0.

902 502 963 537 31).
988 502 1103 536 Castus
1130 503 1210 535 vixit
1235 506 1268 535 et
1291 501 1440 534 immunis

1036 598 1077 632 ab
1102 600 1188 631 omni
1215 599 1372 640 contagio.

902 656 964 690 4b.
987 656 1034 689 Et
1044 657 1108 690 hoc
1121 656 1267 692 Christus
1282 656 1513 691 demonstravit

1033 703 1168 737 infantis
1194 705 1329 746 eloquio.

901 762 960 797 5b.
982 762 1069 795 Dum
1101 762 1195 802 plebs
1230 763 1349 801 saevit,
1384 765 1513 795 sanctus

1281 809 1374 844 flevit

1037 868 1105 892 cum
1129 869 1245 900 magno
1273 859 1424 900 suspicio,

902 916 962 951 6b.
986 917 1121 950 Romam
1134 917 1250 958 tendit,
1264 918 1375 957 Papae
1386 916 1514 961 pandit.

1036 966 1132 999 datur
1157 965 1350 998 benedictio.

902 1024 960 1057 712.
983 1023 1143 1064 Ejulavit,
1171 1023 1225 1064 qui
1250 1023 1408 1064 peccavit,

1032 1072 1068 1104 in
1091 1072 1196 1106 sancti
1222 1071 1374 1104 convitio.

901 1128 961 1163 8b.
984 1129 1070 1162 Dum
1094 1129 1221 1163 veniret
1245 1132 1278 1162 et
1301 1128 1410 1164 adiret

1033 1177 1173 1210 Turonis
1195 1178 1339 1211 ovilium.

900 1234 960 1269 9b.
981 1235 1145 1268 Pastorali
1171 1234 1353 1268 cathedrali

1031 1283 1158 1316 locatur
1185 1283 1220 1315 in
1245 1283 1337 1316 solio.

875 1340 957 1374 10b.
979 1342 1060 1374 Post
1085 1341 1228 1382 septenis
1254 1341 1366 1375 vivens
1392 1342 1486 1374 annis

1030 1388 1185 1430 migravit
1205 1389 1240 1422 in
1265 1389 1378 1431 gloria.

874 1447 958 1481 111).
982 1447 1021 1480 Ι11
1047 1450 1232 1480 sanctorum
1257 1447 1376 1490 patria,

1029 1495 1086 1529 ubi
1111 1505 1176 1536 pax
1204 1499 1237 1528 et
1261 1496 1376 1538 gratia.

249 1584 336 1612 Miss0
362 1591 416 1611 ms.
445 1582 475 1611 S.
502 1583 628 1611 Martini
654 1582 819 1610 Turonens.
851 1590 928 1609 saec.
957 1580 1001 1610 15.
1030 1581 1100 1610 Cod.
1127 1582 1293 1611 Turonens.
1322 1579 1385 1610 194.
1412 1582 1448 1610 A.

171 1622 256 1650 Miss.
286 1631 342 1650 ms.
366 1622 396 1650 S.
417 1621 543 1649 Martini
563 1623 729 1650 Turonens.
756 1630 834 1649 saec.
858 1618 902 1648 15.
928 1620 999 1649 Cod.
1021 1622 1186 1649 Turonens.
1210 1619 1274 1650 195.
1295 1621 1329 1649 B.
1356 1635 1394 1640 —-
1421 1619 1472 1653 921„
1495 1621 1513 1647 2

170 1660 434 1728 ἓνῖιξέἰίίἰὲιὲεέΒς-
447 1662 631 1689 armentinus
652 1659 700 1688 fiir
721 1661 904 1688 armentivus
925 1677 943 1681 —
985 1661 1201 1688 armentarius?
1225 1677 1264 1681 —
1284 1657 1337 1695 91³,
1358 1657 1377 1686 2
1397 1659 1514 1687 locatur

171 2150 233 2186 2³„

622 1849 686 1882 194.
730 1850 775 1882 De
795 1849 910 1882 saneta
932 1849 1078 1882 caecilia.

585 1934 617 1967 1.
644 1932 727 1973 Ave,
754 1931 927 1973 praeclara

643 1981 711 2022 poli
738 1981 844 2023 stella,

646 2030 687 2062 de
711 2030 815 2071 stirpe
839 2029 993 2072 gentium,

646 2078 796 2120 Caecilia,
823 2077 979 2112 divinitus
1004 2080 1085 2111 orta.

257 2148 361 2190 Euge,
388 2147 471 2180 coeli
496 2151 603 2189 porta,

260 2198 312 2231 cui
336 2196 375 2230 fit
398 2198 515 2238 aperta

258 2246 417 2280 trinitatis
442 2245 552 2278 lumen

258 2304 405 2329 summae
430 2293 555 2328 fontem
578 2293 723 2327 laetitiae

256 2345 509 2387 conspicaturae

257 2395 340 2428 lucis
363 2394 398 2428 in
424 2402 510 2426 arce.

875 2145 937 2183 21).
958 2146 1058 2188 Virgo
1083 2146 1148 2179 Dei
1171 2147 1297 2188 summi,

961 2196 1074 2238 regina
1098 2195 1199 2228 saecli

960 2245 1147 2286 praeelecta
1166 2247 1204 2276 ut
1227 2245 1287 2286 sol,

959 2294 1098 2341 pulclira
1122 2293 1245 2326 lunaris
1270 2296 1307 2326 ut
1333 2292 1450 2336 fulgor,

960 2350 1100 2384 agnosce
1125 2351 1235 2375 omnes

963 2394 997 2424 te
1024 2391 1205 2432 diligentes.

1281 2448 1340 2479 10*
