1652 2678
2 1483 9 1600 .-—-=..-
3 1417 9 1459 -.
0 1174 9 1408 ——-·—-—-———-—

765 124 1029 160 —177—

250 220 311 253 6a.
340 219 476 254 Crucem
501 220 649 262 praefers
679 223 865 264 specialem,

336 268 408 301 Nec
431 270 466 302 in
492 270 590 303 terris
614 271 713 303 habet
739 271 838 303 talem

383 317 522 351 Sanctus
548 327 609 351 nec
630 320 665 352 in
690 319 816 360 patria3

251 376 307 408 Va.
334 375 482 408 Palmam
506 376 568 409 sibi
594 386 721 410 roseam

382 423 457 457 Solo
484 427 558 457 voto
584 426 745 466 vendicat,

335 471 419 504 Dum
445 482 510 505 non
536 473 653 506 timens
678 474 866 514 rompheam

384 521 573 554 Sarracenis
599 522 779 562 praedicat.

249 579 307 611 Sa.
335 578 433 612 Salve
458 580 615 620 templum
639 580 782 621 pietatis,

333 627 394 667 Qui
420 627 521 660 totius
547 628 703 660 trinitatis

379 675 427 708 Es
453 675 560 716 imago
589 676 719 716 nobilis,

250 733 307 765 9a.
338 733 363 766 O
389 734 579 774 Francisce‚
606 734 663 765 lux
688 733 816 774 solaris,

337 780 499 814 Crucifixo
525 782 709 823 singularis,

334 828 407 862 Jam
435 838 506 861 cum
533 830 663 863 Christo
690 830 840 871 gloriaris

381 879 419 911 In
448 878 545 910 choro
573 879 768 911 coelestium.

221 935 302 969 lOa.
330 935 433 968 Latus
459 936 590 976 rubens,
616 945 701 969 nova
725 946 810 978 rosa,

327 983 377 1016 Pii
405 985 514 1017 cordis
540 983 604 1016 fuit
628 985 728 1025 glosa,

377 1032 427 1064 Tu
453 1033 497 1065 sis
522 1032 616 1065 nobis
641 1033 729 1065 vitae
754 1032 817 1073 via,

376 1080 427 1114 Tu
450 1090 511 1121 pro
536 1081 630 1113 nobis
655 1090 784 1121 semper
804 1081 860 1121 pia

425 1129 534 1162 Prode
548 1128 677 1162 Christo
695 1130 856 1170 stigmata.

951 223 1009 257 6b.
1031 222 1117 256 Novi
1144 223 1226 255 clavi
1252 222 1375 264 lateris,

1031 272 1157 306 Vulnus
1181 271 1257 304 novi
1282 272 1399 304 sideris

1080 319 1226 353 Probant
1250 320 1432 361 privilegia.

951 378 1008 412 7b.
1032 377 1211 411 Defunctos
1239 376 1391 420 vivificat,

1082 426 1176 458 Nova
1200 426 1345 458 membra
1371 427 1539 466 construit,

1031 475 1195 515 Leprosos
1220 473 1382 515 purificat,

1081 523 1166 563 Quos
1185 522 1239 554 hic
1263 532 1328 555 non
1352 522 1523 556 abhorruit

950 579 1009 614 81).
1032 580 1135 612 Verbi
1159 582 1266 612 tamen
1295 579 1439 613 crucifixi

1034 628 1189 671 Speciali‚
1215 637 1308 670 quem
1334 628 1494 669 praedixi,

1084 676 1179 709 Cruci
1203 677 1301 710 valde
1326 677 1452 710 similis.

949 733 1007 768 ab.
1032 733 1138 775 Supra
1163 737 1253 767 astra
1276 735 1356 767 situs
1382 735 1450 775 poli

1033 782 1193 815 Miserere
1215 785 1291 815 tuae
1315 783 1413 823 proli,

1032 830 1143 871 Virgo,
1171 840 1266 871 quam
1293 831 1432 864 docebas
1459 831 1532 872 coli,

1079 879 1193 912 Placet
1218 879 1311 913 nobis
1337 878 1449 912 filium.

923 936 1005 970 10b.
1029 936 1118 977 Jesu,
1146 946 1289 969 summae
1313 935 1362 969 fili
1385 937 1509 977 matris,

1029 984 1131 1017 Serva
1151 985 1276 1025 prolem
1301 985 1386 1017 tanti
1410 985 1525 1025 patris,

1077 1033 1143 1066 Hic
1169 1035 1333 1065 consortes
1359 1036 1434 1065 tuae
1454 1032 1558 1065 crucis

1074 1081 1144 1113 Fac
1155 1090 1215 1113 nos
1229 1084 1261 1113 et
1277 1083 1352 1121 post
1367 1090 1465 1113 verae
1474 1081 1558 1113 lucis

1123 1129 1288 1162 Perducas
1314 1129 1356 1161 ad
1382 1129 1531 1161 sabbata.

294 1204 412 1233 Prosar.
441 1214 494 1233 ms.
515 1205 744 1233 Marchianense
768 1213 846 1233 saec.
869 1202 913 1233 15.
937 1204 1007 1233 Cod.
1029 1206 1178 1233 Duaeens.
1202 1203 1266 1233 123.
1291 1219 1331 1224 —
1357 1205 1442 1233 Met:
1466 1205 1557 1233 Salve

214 1245 311 1271 mater
325 1243 502 1272 Salvatoris.
523 1259 561 1263 —
580 1244 713 1272 Kehrein
733 1244 828 1272 bietet
846 1246 934 1271 unter
946 1244 1002 1271 No.
1027 1242 1084 1270 577
1106 1245 1155 1271 ein
1167 1244 1244 1271 Lied
1257 1244 1395 1280 gleichen
1408 1244 1554 1280 Anfangs,

214 1281 341 1310 welches
369 1283 435 1310 eine
455 1282 660 1319 Umdichtung
681 1282 732 1310 der
751 1282 965 1319 vt›1·1iegen<le11
986 1282 1121 1318 Sequenz
1143 1282 1197 1309 auf
1214 1282 1262 1310 die
1282 1282 1413 1310 Molcdie
1433 1282 1553 1310 Laudes

213 1321 310 1348 crucis
330 1322 379 1349 ist.
399 1337 439 1341 —
459 1319 511 1355 2a,
536 1319 551 1349 1
572 1322 758 1357 paupertatis
778 1321 834 1349 Hs.

647 1415 715 1447 235.
757 1415 800 1446 De
820 1415 928 1447 sancto
949 1414 1126 1447 Francisco.

212 1485 271 1519 la.
298 1485 475 1518 Eructetur
502 1486 597 1519 dulce
620 1487 733 1528 melos,

295 1533 399 1567 Sonus
424 1535 515 1575 cujus
540 1537 655 1576 tangat
680 1536 796 1576 caelos,

341 1583 387 1616 Et
411 1583 588 1616 Francisco
615 1584 752 1627 jubilet3

208 1642 266 1674 2a.
290 1641 387 1673 Alter
410 1641 580 1674 Abraham
605 1651 721 1674 revera

292 1688 363 1722 Deo
390 1690 527 1722 credens
551 1693 659 1722 mente
683 1699 774 1723 mera

340 1737 567 1778 Relinquendo
592 1741 718 1779 terrea3

207 1796 265 1829 aa..
292 1795 358 1829 Hic
381 1796 478 1829 Isaac
502 1795 572 1829 Deo
598 1799 710 1838 gratus

290 1844 337 1877 Et
361 1844 405 1877 ad
430 1844 594 1877 victimam
618 1849 763 1888 paratus,

341 1893 376 1927 Si
400 1896 586 1926 truncasset
610 1894 754 1934 gladius3

204 1953 262 1986 4a.
290 1952 387 1984 Alter
411 1951 498 1984 filius
525 1960 714 1984 accrescens

286 1999 422 2041 Linquit
446 2001 582 2042 pallium
606 2001 799 2033 horrescens

336 2050 391 2082 Ad
417 2053 540 2082 tactum
563 2050 766 2091 Aegyptiae3

202 2108 261 2141 5a.
289 2107 401 2141 Novus
428 2108 538 2141 David
563 2108 762 2151 patriarcha,

285 2155 403 2189 Nudus
429 2157 552 2192 saltans
579 2165 688 2189 coram
711 2166 797 2200 arca,

335 2205 442 2238 Vilem
468 2214 539 2238 sese
563 2209 736 2246 reputans3

201 2266 260 2299 6a.
287 2264 404 2298 Multis
429 2264 542 2304 vitam,
571 2264 676 2296 caecis
702 2264 817 2306 visum,

282 2313 425 2354 Lepram
443 2322 562 2348 sanans
579 2313 712 2346 moestis
730 2313 841 2355 risum,

281 2363 385 2396 Mutis
411 2361 487 2403 fari,
516 2362 641 2395 claudis
666 2371 812 2403 gressum

330 2412 395 2445 Hic
420 2411 616 2447 Franciscus
642 2411 799 2444 reddidit.

253 2473 385 2500 Dravus,
402 2473 549 2501 Sequentiae
562 2472 683 2496 Ineditae.
712 2472 758 2496 111.

912 1487 970 1520 11).
993 1487 1105 1520 Novus
1132 1486 1204 1519 Noe
1229 1486 1283 1518 hic
1307 1489 1467 1527 servatur,

995 1535 1056 1576 Qui
1080 1544 1141 1576 per
1165 1535 1287 1576 lignum
1310 1535 1469 1567 liberatur

1044 1584 1124 1618 Cum
1149 1593 1209 1616 sua
1233 1582 1368 1617 familia.

911 1642 969 1676 2b.
992 1643 1058 1675 Hic
1082 1642 1169 1674 Loth
1195 1642 1279 1674 alter
1303 1641 1544 1682 comprobatur,

993 1691 1055 1732 Qui
1079 1691 1115 1723 in
1138 1693 1247 1723 monte
1271 1690 1431 1723 liberatur

1039 1740 1202 1773 Pereunte
1229 1739 1378 1772 Sodoma.

908 1797 969 1831 31).
993 1798 1113 1831 Servus
1138 1796 1253 1830 Laban
1281 1796 1336 1829 hic
1357 1795 1477 1837 fidelis,

989 1845 1070 1878 Liae
1093 1846 1195 1888 prius,
1221 1848 1298 1886 post
1321 1845 1476 1877 Rachelis

1041 1894 1170 1926 Ditatus
1198 1893 1366 1926 connubio.

906 1951 966 1987 4b.
992 1951 1058 1984 Hic
1083 1954 1134 1984 est
1157 1952 1290 1993 Moyses
1315 1955 1513 1992 mansuetus,

990 2001 1137 2033 Trahens
1162 2000 1388 2033 Hebraeorum
1414 2004 1523 2034 coetus

1036 2049 1089 2082 Ab
1115 2049 1260 2091 Aegypti
1285 2049 1440 2085 tenebris

905 2108 964 2143 5b.
986 2108 1079 2141 Intus
1107 2108 1195 2141 cruci
1222 2108 1439 2149 conclavatus,

987 2157 1084 2190 Foris
1109 2157 1222 2197 pedes,
1249 2166 1374 2196 manus,
1400 2157 1497 2197 latus,

1038 2205 1160 2239 Christi
1184 2205 1297 2246 prodit
1321 2205 1482 2247 stigmata.

903 2264 962 2298 6b.
987 2264 1012 2298 O
1039 2264 1226 2305 Francisce,
1255 2264 1321 2296 dux
1346 2265 1516 2305 minorum,

985 2313 1083 2346 Vitae
1107 2322 1231 2352 norma,
1265 2313 1381 2356 dogma
1405 2323 1542 2356 morum,

984 2361 1053 2395 Nos
1079 2362 1122 2394 ad
1148 2362 1275 2394 culmen
1299 2363 1485 2404 angelorum

1036 2411 1115 2444 Tuis
1140 2411 1235 2445 trahe
1258 2412 1394 2445 meritis.

1330 2467 1366 2497 12
