1652 2678
764 77 1026 114 —190-—

657 173 719 205 251.
759 172 804 203 De
824 172 933 204 saneto
953 171 1132 203 Heriberto.

737 235 767 268 1.
796 232 1034 273 Oonjubilando

795 282 876 313 coeli
901 281 1050 321 angelica

795 330 913 361 canant,
933 336 1056 369 organa

223 392 272 423 2a
312 389 474 421 Praesulis
501 386 619 420 festiva
945 385 1007 419 2b.
1032 383 1131 424 Cujus
1160 384 1297 417 ecelesia

305 436 473 469 Heriberti
499 435 666 477 solemnia,
1028 440 1188 465 venerans
1215 431 1293 465 colit
1317 432 1444 466 merita.

219 496 277 528 3a.
306 494 393 526 Hine
417 502 480 526 vox
507 494 539 525 et
563 493 674 524 votiva
946 490 1004 525 3b.
1030 489 1127 522 Felix
1153 489 1206 522 hie
1230 499 1374 530 superna

304 541 446 574 earmina
1028 538 1184 570 ardenter

305 591 380 621 sunt
406 596 477 620 eum
503 586 590 620 dulei
615 587 766 621 melodia.
1030 586 1198 627 exoptavit
1220 589 1299 627 post
1321 587 1434 622 ubera.

218 649 278 680 4a.
306 645 464 679 Eruditus
489 645 627 685 mystica
944 644 1005 678 4b.
1034 644 1280 685 Componuntur
1303 645 1427 687 intima,

304 692 438 726 fulcitur
461 701 539 727 vera
1028 693 1140 725 vivere
1169 693 1274 726 saneti

303 742 520 783 philosophia,
1029 741 1164 782 spiritus
1188 742 1310 775 schola.

218 803 280 834 5a.
310 800 411 832 Fama
436 798 574 832 nominis
599 802 669 832 tota
946 799 1007 834 5b.
1027 799 1283 840 Archipontifex
1306 810 1400 835 sacra

306 848 452 888 repletur
478 847 577 888 curia,
1030 848 1169 880 comitur
1194 847 1316 889 infu1a;

309 905 416 936 penna
440 896 596 928 virtutum
624 896 727 928 celsus
1029 896 1146 928 saeclis
1172 905 1248 938 pax,
1275 898 1363 930 salus
1388 907 1476 941 vera,

307 945 433 985 rapitur
459 947 491 976 et
512 944 637 985 potitur
1029 944 1090 978 sed
1112 943 1175 976 tibi
1200 948 1362 986 perpetua

308 993 438 1033 privata
463 993 611 1026 Caesaris
1028 995 1148 1035 manet,
1177 992 1321 1035 Colonia,

302 1042 419 1082 gratia.
1028 1041 1143 1081 gloria.

221 1100 280 1132 6a.
309 1097 473 1131 Exturbat
496 1098 628 1131 inimica
946 1097 1006 1132 6b.
1029 1097 1209 1131 Exsultant
1234 1099 1382 1134 rediviva

307 1147 347 1179 ab
375 1146 512 1179 ecelesia
1028 1147 1072 1179 ad
1097 1147 1244 1180 remedia

306 1195 406 1228 verbo
431 1194 575 1227 haeresis
600 1194 786 1228 schismata.
1028 1195 1220 1236 languorum
1244 1197 1387 1230 omnium
1410 1199 1512 1234 milia.

223 1254 279 1286 Va,
307 1252 483 1285 Solvuntur
508 1260 568 1293 per
593 1253 678 1285 hune
702 1253 838 1286 crimina
946 1253 1005 1287 7b.
1029 1252 1241 1294 Congaudent,
1265 1254 1351 1287 laete
1373 1258 1489 1299 omnia,

310 1300 530 1340 poenitentum
1028 1301 1106 1343 alta,
1133 1303 1209 1343 ima,

309 1352 342 1380 et
367 1349 483 1381 dextra
509 1347 580 1381 fluit
1029 1350 1167 1389 plaudat
1191 1350 1339 1384 manibus

307 1397 469 1430 medicina
1030 1399 1133 1431 omnis
1159 1402 1248 1432 terra

304 1444 491 1485 petentibus
1030 1447 1263 1481 concelebrans

304 1494 431 1527 veniam
458 1494 580 1526 cunctis
607 1493 733 1530 solatia.
1028 1494 1111 1527 haee
1124 1499 1192 1529 tam
1206 1498 1381 1537 praeclara
1395 1499 1552 1533 solemnia

221 1552 283 1586 821.
308 1551 332 1584 O
361 1551 430 1584 sola
945 1553 1005 1587 8b.
1025 1551 1253 1595 Frequentans

304 1599 367 1631 Dei
392 1600 476 1632 mira
501 1608 540 1633 ae
562 1600 712 1642 benigna,
1033 1630 1328 1639 .........

302 1647 478 1681 mirificans
1031 1651 1182 1683 continue

305 1696 353 1728 sie
373 1699 503 1729 sanctos
527 1705 613 1738 suos,
1030 1702 1180 1732 sanetum
1203 1701 1328 1741 paseha
1354 1711 1425 1736 eum

307 1745 490 1789 elementia,
1029 1748 1127 1780 laude
1151 1757 1246 1781 nova.

219 1804 278 1837 9a.
306 1802 355 1835 Tu
380 1802 473 1835 nobis
945 1805 1006 1840 91).
1032 1805 1212 1839 Canentum

305 1851 386 1884 haec
410 1860 569 1892 prospera
592 1852 734 1893 impetra
1030 1855 1097 1886 sint
1121 1858 1198 1887 vota
1222 1858 1317 1896 grata
1342 1858 1374 1886 et
1399 1853 1454 1887 fae

303 1905 460 1941 tempora.
1030 1904 1158 1943 superis

732 1960 789 1994 10.
816 1959 914 2001 Jungi
938 1962 1044 1992 tecum

814 2007 991 2047 HalleluJ'a.

296 2062 367 2091 Cod.
387 2063 517 2093 Monast.
539 2063 569 2092 S.
589 2065 745 2093 Heriberti
764 2064 912 2093 Tuitiens.
939 2071 1016 2091 saec.
1046 2060 1091 2089 12.
1119 2064 1160 2090 in.
1184 2061 1255 2090 eod.
1275 2063 1462 2095 LondinenS.
1486 2067 1560 2097 Add.

216 2099 255 2130 26
265 2099 331 2130 788.
357 2117 394 2121 ——
421 2100 481 2138 91),
508 2101 526 2131 2
554 2103 629 2132 haee
653 2106 734 2131 vota.
756 2117 796 2123 —-*-
815 2102 903 2130 Me1.:
936 2101 1048 2130 Christi
1072 2100 1220 2129 hodierna
1237 2104 1420 2141 pangimini;
1448 2107 1482 2134 in
1501 2107 1560 2137 Str.

217 2138 260 2169 8b
281 2141 323 2169 ist
342 2141 523 2171 vermutlieh
544 2143 595 2169 ein
608 2141 697 2171 Glied
718 2141 917 2178 ausgefallen3
940 2139 1073 2169 Melodie
1093 2141 1150 2168 wie
1164 2140 1242 2168 Text
1255 2142 1380 2171 maehen
1394 2143 1458 2173 dies
1474 2147 1560 2175 beide

215 2179 315 2216 gleich
334 2180 594 2209 wahrseheinlieh.

635 2245 706 2278 252.
744 2246 789 2277 De
809 2246 920 2278 saneto
943 2244 1143 2285 Hieronymo.

220 2306 279 2339 la.
306 2305 435 2340 Laudes
460 2307 588 2341 Christo
617 2309 823 2342 decantemus
922 2307 982 2342 lb.
1002 2306 1196 2342 Meritorum
1222 2308 1414 2349 qualitatem

303 2353 350 2386 Et
375 2356 491 2389 devote
517 2357 718 2389 celebremus
1007 2357 1134 2397 Pangat
1159 2365 1222 2388 vox
1247 2360 1279 2389 et
1304 2360 1519 2399 quantitatem

351 2403 470 2436 Natale
495 2404 701 2447 Hieronymi.
1053 2404 1127 2437 Viri
1150 2404 1375 2441 illustrissimi.
