1652 2678
702 93 965 129 —133—

193 189 250 221 Ba.
277 188 444 222 celsitudo
471 191 690 223 columnarum

272 236 467 271 Manifestat
493 239 590 271 decus
617 241 738 273 clarum

321 287 507 328 Praerogan
512 287 586 320 dum
611 288 764 329 praesuli,

190 344 247 378 9a.
274 343 374 386 Ergo,
400 348 496 384 pater
521 347 553 377 et
577 350 724 386 patrone,

270 392 330 425 Pie
356 394 496 434 praesul,
523 399 635 434 pastor
662 393 755 435 bone,

319 440 470 474 Lucerna
493 442 648 482 fidelium,

164 499 246 533 10a.
273 498 368 531 Tolle
392 503 511 541 pestes,
538 500 618 532 seda
642 500 741 539 rixas,

274 547 404 580 Fovens
429 551 554 580 mentes
579 548 615 580 in
638 553 671 580 te
695 547 790 590 fixas,

324 595 498 629 Consolare
523 598 688 637 popuium‚

883 192 942 226 8b.
966 191 1076 224 Visum
1101 191 1209 223 lumen
1233 190 1268 222 in
1294 190 1448 223 columnis

968 239 1161 272 Admiratur
1185 247 1298 271 sensus
1324 238 1426 271 omnis

1015 288 1062 321 Et
1088 295 1222 319 censura
1245 286 1369 327 popuii.

889 347 949 381 eb.
972 346 1022 378 Tu
1046 349 1138 378 tuere
1161 349 1250 377 tuum
1276 352 1403 385 gregem

972 394 1074 427 Orans
1093 393 1256 427 Christum
1268 392 1373 425 Deum
1387 400 1497 433 regem

1017 444 1080 476 Pro
1099 441 1231 474 delictis
1261 442 1379 475 ovium.

863 503 907 535 10
917 501 949 533 b.
974 500 1158 534 Creatorem
1183 500 1287 533 Deum
1313 508 1379 540 ora,

968 549 1015 582 Ut
1038 557 1097 581 nos
1121 550 1230 581 servet
1251 549 1285 580 in
1309 548 1371 580 hae
1396 547 1476 580 hora

1016 598 1060 630 Et
1085 606 1145 637 per
1170 605 1263 629 omne
1287 596 1459 629 saeculum.

241 680 326 709 Miss.
354 688 407 709 ms.
437 682 607 709 Biterrense
632 690 708 710 saec.
737 680 781 710 14.
808 681 878 710 Cocl.
907 683 936 711 S.
958 682 1083 719 Jcssephi
1102 682 1292 720 Lugdunens.
1312 682 1339 710 Y
1365 681 1383 709 d
1411 693 1438 708 η.
1460 695 1497 701 -

165 717 223 752 11),
245 715 263 748 3
287 719 398 747 Felicis
427 720 481 747 Hs.
507 735 547 739 —-
578 718 640 753 21),
668 717 686 748 3
716 719 852 748 Palmam
873 721 928 749 Hs.
948 736 989 741 —
1008 719 1065 754 :³127
1087 718 1114 749 3.
1154 720 1239 750 Nach
1259 721 1339 749 Aeta
1359 719 1410 748 SS.
1433 720 1497 748 Oet.

164 758 211 786 ΠΙ
238 767 267 794 p.
294 756 340 786 54.
368 767 396 785 n.
418 755 455 786 33
477 758 554 786 hiess
577 758 629 786 der
650 757 703 787 Ort
727 758 883 793 Sardinia,
915 760 980 788 eine
1001 759 1088 788 stadt
1106 761 1139 787 in
1159 760 1210 789 der
1229 760 1348 795 Lyoner
1367 758 1496 795 Gegend,

162 796 250 825 heute
277 796 373 833 vollig
404 797 588 825 unbekannt.
613 813 650 818 -—
672 796 725 828 7a,
747 796 765 825 2
786 797 875 826 Peste
896 797 975 826 ludit
993 799 1047 827 Hs.
1068 814 1107 820 —
1127 799 1178 833 810,
1200 798 1218 827 3
1239 806 1361 826 e*fusura
1384 798 1438 826 Hs.
1460 812 1498 817 —-

165 833 233 870 loa,
255 832 274 861 2
295 836 374 863 inter
392 834 476 864 fixas.

610 987 670 1020 175.
711 987 755 1019 De
776 988 885 1020 saneto
903 988 1053 1020 Auberto.

581 1078 612 1112 1.
639 1079 732 1112 Haec
758 1079 826 1111 dies
853 1079 1064 1119 sanctissima,

638 1127 753 1159 Laude
779 1127 990 1160 celeberrima

686 1174 764 1207 Dies
792 1177 842 1208 est
865 1184 926 1215 per
951 1176 1066 1216 omnia,

163 1234 220 1267 2a.
246 1232 287 1266 In
310 1241 374 1273 qua
395 1231 458 1263 Dei
481 1230 596 1264 famuli

245 1280 382 1314 Auberti
414 1280 607 1312 sanctissimi

293 1328 433 1361 Colimus
457 1329 623 1369 solemnia,

161 1389 216 1420 3a.
245 1387 305 1426 Qui
332 1387 454 1419 caduca
479 1395 636 1426 respuens

242 1435 287 1469 Et
312 1438 445 1467 aeterna
468 1435 597 1467 intuens

289 1483 401 1516 Animi
424 1484 603 1523 prudentia

160 1544 217 1576 4a.
243 1542 460 1575 Landelinum
486 1541 613 1574 devium

244 1590 432 1631 Dueemque
456 1590 662 1622 Vincentium

290 1639 354 1672 Per
379 1638 449 1678 ejus
475 1638 610 1671 consilia

289 1686 441 1720 Possidet
466 1687 612 1721 ecclesia.

161 1747 217 1780 5a.
246 1745 363 1778 Curam
387 1745 487 1777 talem

242 1794 444 1828 Pastoralem

292 1841 361 1874 Sibi
386 1842 471 1875 notis

288 1890 334 1923 Et
355 1890 473 1932 ignotis

340 1939 485 1974 Caritate
508 1937 608 1971 nimia

157 2001 213 2034 6a.
241 1999 360 2032 Sancto
386 1998 442 2031 isti

240 2047 341 2081 Servo
366 2047 490 2081 Christi

289 2096 506 2129 Plurimorum

287 2143 493 2177 Infirmorum

336 2193 538 2227 Occurrebat
561 2193 664 2236 copia,

156 2254 212 2287 va.
242 2254 266 2287 O
295 2262 391 2294 quam
417 2251 514 2284 beata
540 2251 652 2284 civitas

235 2302 282 2335 Et
306 2302 402 2343 hujus
428 2301 516 2334 sedis
544 2300 695 2343 dignitas,

288 2350 378 2391 Quae
402 2350 502 2383 habet
527 2350 710 2391 patrocinia

285 2400 383 2435 Tanti
409 2399 514 2441 patris
539 2399 735 2439 praesentia.

857 1233 917 1266 2b.
939 1232 1037 1273 Cujus
1062 1232 1237 1267 celebrat-io

942 1280 1065 1313 Nostra
1089 1280 1132 1312 sit
1159 1279 1304 1314 defensio

986 1329 1039 1361 Ab
1066 1329 1152 1362 omni
1176 1330 1328 1369 nequitia.

858 1387 919 1421 3b.
941 1387 1076 1419 Praesul
1107 1395 1177 1419 esse
1202 1388 1322 1420 meruit

941 1435 985 1467 Et
1011 1436 1134 1468 cunctis
1160 1436 1310 1480 innotuit,

988 1484 1076 1523 Quae
1101 1487 1177 1516 sunt
1203 1492 1279 1516 vera
1303 1484 1432 1526 gaudia.

856 1542 915 1576 4b.
938 1542 1062 1576 Factae
1086 1545 1163 1574 sunt
1191 1541 1411 1575 Waldetrudis

938 1590 984 1624 Et
1009 1600 1101 1623 soror
1125 1591 1331 1631 Aldegundis

987 1638 1147 1679 Ejusdem
1170 1647 1268 1680 prece
1293 1641 1350 1680 pia

988 1687 1040 1719 De
1065 1687 1187 1722 Christi
1212 1686 1347 1721 familia.

857 1746 916 1781 5b.
941 1745 1165 1786 Impendebat,

940 1794 1025 1834 Quos
1053 1794 1200 1836 docebat,

987 1842 1183 1875 Formidare

988 1891 1032 1924 Et
1056 1891 1162 1923 vitare

1035 1940 1167 1972 Tartari
1190 1938 1370 1981 naufragia.

857 1998 916 2031 6b.
942 1997 1022 2031 Mox
1046 2007 1106 2039 per
1131 1997 1236 2031 Deum

939 2046 983 2080 Et
1006 2056 1066 2088 per
1092 2055 1165 2078 eum

986 2095 1169 2128 Reformati

986 2144 1033 2177 Et
1057 2145 1162 2177 sanati

1034 2193 1187 2226 Redeunt
1210 2193 1254 2226 ad
1280 2194 1422 2235 propria.

856 2252 915 2286 7b.
939 2252 1009 2292 Qui,
1035 2252 1111 2284 dum
1136 2252 1218 2285 vixit
1241 2252 1276 2284 in
1302 2254 1440 2298 saeculo,

940 2300 1116 2334 Commisso
1139 2301 1203 2334 sibi
1227 2302 1347 2342 populo

988 2349 1156 2392 Suggessit
1179 2358 1277 2391 super
1302 2352 1407 2384 omnia

988 2398 1136 2441 Diligere
1160 2399 1321 2435 coelestia.
