1652 2678
155 282 212 314 la.

154 533 211 567 2a.

153 688 209 720 3a.

150 843 207 874 4η.

151 997 207 1028 ba.

147 1248 202 1281 621.

140 1698 187 1731 la

141 1805 188 1836 2a

138 1911 185 1944 3a

137 2019 195 2051 4a.
221 2016 261 2049 In
292 2016 464 2057 seripturis
491 2019 645 2057 quantum
668 2015 778 2059 fiores,

136 2127 185 2158 5a

134 2233 192 2266 6a.

132 2340 190 2375 72..

693 100 959 137 -113—

602 203 666 236 150.

240 281 358 315 Virens
384 283 471 316 vitae
496 285 632 326 virgula,

240 330 329 370 Quae
351 332 488 365 virendo
514 332 629 365 sedula

239 377 311 411 Nee
337 380 416 412 elisa
439 382 568 414 macula

287 427 430 469 Mystico
460 427 557 462 flores

334 474 415 509 flore.
440 475 592 511 fecunda.

238 533 321 574 Ave,
348 533 412 566 Dei
438 534 565 576 cellula,

237 581 327 621 Quae
354 590 498 614 connexa
522 583 653 615 vincula

287 630 427 670 separas
456 633 601 670 naturae,

236 686 310 719 Ave
334 689 440 727 porta,

234 734 309 767 Lux
330 737 445 768 exorta

285 784 349 816 Per
375 792 468 824 quam
494 783 633 823 sumpsit
659 784 777 825 aditus,

235 839 364 873 Dextra
388 839 452 874 Dei
475 849 533 874 vas
555 840 703 882 politum,

235 888 302 921 Vas
327 891 511 930 purgatum,
538 898 595 922 vas
620 890 776 922 ambitum

287 936 454 969 Castitatis
484 937 615 971 circulo.

234 994 317 1035 Ave,
340 995 434 1035 virgo
458 995 620 1037 virginum

282 1042 357 1075 Non
380 1042 570 1084 evirginata,

233 1090 345 1123 Plebis
368 1099 443 1131 spes
469 1091 671 1132 solaminum,

282 1138 422 1172 Castitas
451 1139 588 1179 signata,

332 1187 358 1220 Ο
385 1185 465 1219 felix
489 1195 663 1227 puerpera,

232 1245 257 1278 O
284 1254 337 1277 res
362 1244 445 1277 mira
468 1245 528 1277 sed
553 1244 667 1284 relata,

231 1293 323 1332 Quod
350 1295 512 1325 creantem
537 1300 590 1324 res
617 1295 735 1334 creata,

229 1340 295 1373 Sua
320 1349 428 1373 rerum
450 1343 579 1381 patrem
602 1342 680 1373 nata

275 1389 378 1430 Parit,
405 1389 543 1429 praebet
567 1388 678 1422 ubera.

855 536 914 569 2b.

854 690 913 723 312.

851 843 912 877 410.

851 996 909 1030 5b.

848 1246 909 1279 6b.

707 205 751 236 De
771 204 868 236 beata
887 204 991 237 Maria
1010 205 1047 237 V.

857 286 916 319 lb.

938 285 1017 319 Flos
1039 288 1077 319 ut
1100 287 1149 319 sol
1175 286 1350 327 egreditur,

940 335 1029 376 Flos,
1057 343 1118 374 quo
1143 344 1230 367 mors
1257 335 1408 376 elabitur,

941 382 1073 423 Virgam
1098 383 1188 415 nulla
1212 383 1357 423 sequitur

990 430 1104 464 Gratia
1131 432 1205 472 pari

1037 478 1126 512 faeta
1150 478 1301 513 fecunda.

934 535 1019 568 Nam
1044 539 1080 569 u‘c
1104 536 1194 569 sidus
1219 537 1347 569 radium

935 584 1011 616 Non
1038 587 1191 625 corrupta
1220 584 1322 618 filium

986 632 1079 665 Novo
1105 634 1194 673 paris
1217 634 1299 674 jure.

936 689 984 722 Ut
1006 690 1134 723 veniret

936 737 982 769 Et
1009 738 1133 770 subiret

982 786 1123 819 Nostrae
1149 788 1253 819 earnis
1279 787 1420 819 habitus.

936 843 982 876 Ut
1002 843 1183 885 prophetae
1207 844 1411 885 praedixere,

934 891 1000 923 Vas
1026 892 1164 923 electum
1190 892 1356 925 continere

982 939 1087 971 Deum
1112 941 1226 972 matris
1252 941 1385 980 gremio.

935 997 1034 1029 Prole
1064 997 1155 1036 eujus
1179 997 1266 1030 uteri

982 1045 1059 1078 Vita
1083 1047 1274 1077 restaurata.

930 1093 1030 1126 Plebs
1057 1096 1170 1133 erepta
1194 1093 1312 1134 funeri,

981 1140 1047 1173 Diu
1073 1141 1239 1173 demorata

1029 1189 1124 1221 Vitae
1149 1190 1247 1221 sumit
1271 1186 1414 1222 foedera.

931 1245 1042 1286 Virgo,
1069 1245 1158 1277 vitae
1183 1254 1258 1286 spes
1284 1246 1437 1286 secunda,

929 1294 960 1325 A
986 1297 1079 1326 reatu
1102 1303 1160 1326 nos
1183 1293 1332 1333 emunda,

929 1341 1067 1374 Pietatis
1093 1351 1235 1382 purgans
1259 1342 1349 1374 unda

978 1390 1108 1423 Perduc
1132 1390 1175 1422 ad
1202 1389 1363 1422 eoelestia.

161 1505 167 1510 .
220 1464 292 1531 (ξυᾶ.
314 1463 474 1494 Oxoniens.
495 1464 592 1494 Laud.
611 1464 698 1493 Misc.
727 1462 783 1493 240
811 1472 885 1494 ssee.
909 1463 953 1492 12.
974 1465 1049 1494 Add.
1071 1473 1148 1494 saec.
1172 1463 1216 1494 15.
1237 1481 1276 1486 —
1299 1462 1355 1501 la,
1379 1463 1393 1493 l
1415 1465 1483 1492 viae

138 1512 226 1541 vix-gu
241 1511 268 1530 a.

592 1615 648 1648 151.
689 1616 734 1648 De
754 1615 852 1648 beata
873 1616 977 1648 Maria
997 1616 1033 1648 V.

191 1725 198 1732 .
225 1696 332 1738 Salve,
358 1698 463 1729 mater
487 1698 672 1739 salvatoris,

273 1745 383 1777 Mater
407 1744 588 1787 salutifera,

191 1831 197 1837 .
226 1802 324 1837 Salve
349 1803 440 1842 virgo
466 1803 629 1843 speciaIiS,

273 1851 433 1892 specialis
458 1852 577 1892 meriti,

188 1937 195 1944 .
222 1909 319 1943 Hanc
342 1910 378 1942 in
402 1909 523 1942 vallem
550 1910 746 1943 descensura

270 1958 392 1991 Divina
421 1957 605 1990 sublimitas

268 2066 469 2106 Angelorum
496 2065 636 2107 domina,

188 2149 194 2156 .
222 2123 356 2157 Portam
383 2123 465 2155 coeli
489 2126 523 2155 te
548 2131 665 2157 vocare

269 2172 398 2206 Didicit
426 2171 553 2213 religio,

219 2230 345 2264 Venter
369 2233 454 2268 tuuS,
483 2238 501 2262 o
526 2230 647 2271 puella,

269 2279 457 2319 ThalamuS,
484 2279 653 2319 palatium,

216 2337 330 2381 Virga,
360 2335 462 2370 rubus
487 2337 678 2381 appellaris,

267 2387 360 2429 Flos,
386 2385 541 2428 fenestra,
565 2386 677 2428 janua,

188 2450 319 2476 Dreves,
336 2446 485 2477 sequentiae
498 2446 620 2471 Ineditae.
644 2446 688 2469 111.

842 1698 901 1733 lb.

839 1805 899 1838 212.

840 1911 899 1945 ab.

839 2018 900 2052 4b.

840 2125 900 2160 5b.

837 2231 897 2266 6b.

837 2338 898 2373 7b.

924 1697 1006 1738 Spes
1029 1698 1139 1731 Maria
1163 1698 1358 1741 peccatoris,

973 1747 1073 1787 Virgo
1101 1748 1134 1778 et
1157 1754 1331 1787 puerpera.

924 1803 1073 1836 Genitrix
1101 1806 1132 1835 et
1157 1804 1347 1845 temporalis

972 1853 1061 1885 Ante
1086 1854 1214 1893 tempus
1239 1852 1349 1894 geniti.

922 1909 1051 1943 Scalam
1075 1909 1139 1942 sibi
1170 1910 1210 1943 de
1234 1913 1269 1942 te
1292 1919 1376 1950 pura

970 1958 1067 1991 Fecit
1091 1967 1109 1990 0
1134 1958 1316 2000 virginitas.

920 2017 970 2050 Te
994 2017 1139 2050 distincti
1163 2018 1254 2049 velut
1276 2015 1374 2050 fiores

973 2065 1082 2107 Digna
1106 2065 1244 2107 pingunt
1267 2066 1416 2101 nomina:

922 2124 967 2157 Et
994 2123 1173 2164 castellum,
1202 2124 1289 2165 quod
1311 2124 1435 2158 intrare

972 2173 1088 2206 Placet
1111 2172 1176 2205 Dei
1200 2172 1279 2206 filio.

919 2230 1016 2270 Aula,
1045 2231 1169 2273 domus,
1198 2231 1363 2275 templum,
1392 2231 1477 2264 cella

970 2278 1103 2320 Civitas,
1131 2279 1320 2312 sacrarium.

921 2337 1033 2370 Mater
1058 2338 1132 2380 Dei,
1158 2339 1217 2371 lux
1242 2338 1370 2381 solaris,

970 2386 1065 2419 Jesse
1086 2386 1187 2427 stirps
1213 2387 1361 2428 ingenua.

1283 2443 1301 2473 8
