1652 2678
215 271 272 306 la.

214 473 270 505 2a.

213 625 270 657 3a.

210 826 269 858 4a.

210 980 266 1011 5a.

211 1134 268 1166 6a.

213 1240 269 1272 7a.

211 1393 268 1425 Sa.

213 1547 271 1579 9a.

189 1700 270 1733 ica.

188 1854 230 1888 11
239 1864 267 1886 a.

189 2009 272 2042 1221.

190 2211 271 2244 132.

197 2419 225 2447 q.
241 2415 365 2439 exorat.

724 103 988 139 —244—

613 198 680 230 323.
719 198 764 229 De
783 197 898 229 saneta
915 196 1113 236 Margareta.

298 270 506 312 Margaretae
531 269 759 307 collaudemus,

301 319 417 360 Corde,
441 327 498 351 ore
524 319 731 351 decantemus

346 414 511 446 Virtutum
536 413 686 456 insignia,

297 471 487 511 Margareta
508 479 578 502 sum
603 472 728 510 vocata,

299 518 464 551 Generose
488 520 673 561 procreata,

351 566 472 598 Christi
499 566 602 598 cultus
630 566 760 600 dicitur.

296 623 383 655 Dum
407 632 472 655 non
499 623 587 656 cedit

342 671 443 712 Virgo
470 672 609 713 exuitur,

294 719 403 757 Virgis
430 719 538 752 caedit

344 767 464 799 Tortor
487 771 519 799 et
543 767 694 801 vincitur.

298 824 428 857 Concha
452 825 550 865 plena

297 872 430 905 Rubens
456 882 538 914 gena

345 920 531 963 Quassatur‚
558 922 766 963 percuttitur,

295 978 319 1011 O
346 987 441 1019 quam
466 978 561 1011 fortis
586 978 717 1021 femina,

294 1027 410 1059 Fortia
436 1028 613 1060 certamina

343 1074 484 1115 Superat
506 1084 568 1108 nec
592 1077 743 1117 suspirat.

294 1132 453 1165 Miserere

341 1183 417 1213 tuae
439 1181 704 1222 pulchritudinis.

298 1238 323 1271 O
350 1248 445 1279 quam
469 1238 564 1271 firma
587 1238 654 1272 fide

294 1285 427 1319 Profert
449 1287 614 1327 intrepide

342 1334 454 1367 Verba
479 1335 611 1376 deifica3

295 1391 477 1432 Margarita
501 1395 537 1424 tu
564 1393 693 1433 diceris,

293 1440 483 1481 Margaritis
508 1450 588 1481 prae
615 1443 730 1474 ceteris

343 1488 508 1528 Fragrans
534 1489 619 1521 sicut
642 1490 764 1531 lilium3

298 1544 429 1578 Laudes
457 1555 531 1587 ergo
556 1547 764 1588 Margaretae

293 1593 508 1626 Pei-sonemus
534 1604 643 1628 omnes
668 1596 754 1629 laete

344 1641 431 1674 Voce
458 1643 555 1676 clara.

297 1700 370 1732 Ave
394 1701 487 1742 virgo
513 1702 666 1744 gratiosa,

294 1748 387 1782 Patri
413 1753 467 1782 tuo
493 1750 616 1792 odiosa,

346 1796 475 1830 Christo
500 1807 619 1838 sponso
645 1800 775 1835 dilecta.

293 1854 399 1898 Felix,
427 1864 509 1896 quae
532 1859 582 1889 tot
604 1858 696 1891 milia

293 1902 410 1935 Traxit
429 1913 491 1944 per
514 1906 673 1947 martyria

344 1952 399 1984 Ad
422 1952 537 1986 choros
563 1957 758 1988 sanctorum.

299 2009 324 2042 O
353 2010 501 2043 columba
525 2011 666 2055 humilis,

296 2057 321 2090 Ο
348 2058 456 2098 aquila
481 2059 610 2101 nobilis,

296 2105 321 2138 O
348 2107 497 2139 columna
522 2108 659 2150 stabilis,

343 2154 454 2186 Morte
478 2156 556 2188 ruis.

298 2211 404 2252 Caput
428 2216 625 2256 amputatur,

295 2259 391 2292 Luna
415 2261 603 2303 eclipsatur,

293 2307 413 2340 Hostia
436 2310 631 2345 immolatur.

912 267 972 302 lb.
994 266 1120 299 Rachel
1146 275 1240 298 suum
1264 265 1372 306 pasci-t
1389 274 1530 308 gregem,

997 314 1157 347 Praesens
1176 314 1305 355 quaerit
1328 323 1456 358 nomen,
1481 315 1528 347 le-

1295 371 1378 403 gem,

1044 410 1172 451 Raptus
1197 411 1242 443 ad
1267 410 1418 451 suspiria.

912 467 971 501 2b.
993 467 1116 501 Carcer
1133 468 1266 507 claudit,
1291 477 1421 509 gemma
1434 469 1525 513 latet,

994 516 1080 548 Dum
1098 517 1282 557 applaudit,
1308 517 1406 549 draco
1423 520 1524 560 patet,

1043 565 1140 598 Casto
1166 565 1253 605 pede
1280 566 1449 601 sternitur,

911 622 970 657 3b.
994 622 1150 663 Virginea

1041 671 1194 704 Membra
1220 671 1367 712 dilaniat,

993 719 1040 752 Et
1063 719 1160 760 ignea

1043 768 1187 808 Lampas
1215 768 1371 800 excoriat.

907 825 967 859 4b.
990 826 1104 859 Porcis
1130 826 1194 858 sita

990 874 1184 915 Margarita,

1039 922 1163 955 Hortus
1190 923 1318 955 clausus
1344 923 1522 965 spargitur.

908 981 968 1016 5b.
994 981 1019 1014 O
1047 990 1142 1021 quam
1167 981 1242 1013 vilis
1269 979 1467 1023 praefectus,

991 1029 1095 1062 Moris
1125 1032 1230 1061 mutat
1253 1028 1398 1070 affectus,

1040 1077 1143 1117 Quam
1158 1080 1226 1109 tam
1244 1080 1339 1122 amat,
1367 1078 1521 1112 trucidat.

908 1134 968 1169 6b.
990 1135 1154 1168 Misereor

1017 1184 1147 1216 divinae
1171 1184 1333 1225 imaginis.

907 1241 966 1274 71).
992 1241 1017 1275 O
1049 1251 1144 1282 quam
1170 1245 1247 1274 sunt
1269 1242 1351 1274 lutei

987 1289 1135 1330 Tyranni
1158 1291 1278 1332 laquei,

1037 1338 1135 1371 Dicta
1159 1339 1348 1379 sophistica.

909 1395 968 1429 8b.
990 1396 1041 1428 Tu
1067 1405 1101 1428 es
1125 1397 1231 1429 vellus
1256 1397 1292 1429 in
1319 1406 1407 1439 area,

995 1444 1140 1477 Granum
1161 1455 1279 1486 purum
1305 1455 1325 1478 a
1347 1447 1453 1488 palea,

1040 1492 1181 1526 Florens
1205 1492 1266 1526 flos
1293 1495 1498 1528 convallium.

909 1549 969 1584 9b.
995 1550 1074 1584 Orat
1100 1552 1261 1584 scandens
1285 1552 1321 1584 in
1346 1553 1477 1593 superis

993 1599 1088 1632 Omni
1112 1600 1195 1632 hora
1218 1609 1279 1641 pro
1304 1601 1435 1634 miseris

1041 1647 1198 1681 Exorata.

885 1705 968 1739 iob.
991 1707 1066 1739 Ave
1090 1705 1218 1748 fulgens
1244 1708 1430 1752 margarita,

991 1754 1135 1787 Pulchra
1158 1756 1305 1796 prudens
1331 1758 1365 1788 et
1387 1757 1512 1797 inclita,

1041 1803 1172 1836 Morum
1197 1813 1325 1846 gemma
1349 1805 1464 1841 electa.

886 1860 972 1895 111).
994 1860 1088 1894 Hora
1110 1862 1225 1894 mortis
1253 1867 1375 1904 exoret,

993 1909 1041 1943 Ut
1066 1910 1205 1943 salutem
1229 1912 1386 1951 imploret

1042 1958 1199 1991 Memoris
1224 1969 1372 2000 agonum.

885 2016 969 2050 12b.
992 2017 1018 2050 O
1043 2017 1156 2057 puella
1178 2018 1328 2059 parvula,

996 2065 1091 2098 Omni
1118 2074 1232 2098 carens
1253 2067 1392 2110 macula,

996 2114 1095 2146 Necis
1122 2114 1195 2147 dira
1217 2115 1330 2155 jacula

1042 2162 1149 2198 Laeta
1174 2163 1274 2196 subis.

888 2220 972 2255 131).
995 2221 1085 2261 Jesu,
1108 2230 1183 2262 spes
1208 2223 1335 2263 populi,

994 2270 1075 2302 Post
1098 2269 1196 2302 finem
1222 2272 1345 2303 saeculi

994 2318 1099 2350 Nobis
1125 2322 1159 2351 te
1183 2319 1254 2351 sine
1279 2319 1356 2353 frui.

264 2373 383 2401 Prosar.
407 2384 452 2402 ms
455 2376 673 2406 .Pisciacense
693 2387 770 2407 saec.
794 2378 839 2409 15
861 2381 933 2410 Cod.
954 2384 1138 2413 Londinens.
1159 2385 1216 2421 Eg.
1238 2383 1324 2414 2601.
1349 2402 1386 2406 —
1418 2386 1528 2422 11b‚1

408 2414 571 2451 ,implorat
583 2416 638 2444 Hs.
653 2433 693 2437 -—
709 2416 778 2454 1112,
793 2416 812 2447 3
825 2420 975 2451 Memores
989 2423 1045 2451 Hs.
1061 2438 1097 2443 —
1115 2421 1185 2458 1321,
1187 2394 1221 2452 g3
1237 2424 1351 2453 Christi
1362 2425 1465 2456 hostia
1474 2428 1528 2455 Hs.
