1652 2678
679 90 943 127 —105—

587 194 647 229 1:37.
690 195 734 227 De
756 196 856 228 beata
875 195 976 227 Maria
998 194 1034 226 V.

135 275 159 309 Ἰ
173 283 201 308 a.
229 275 311 316 Ave,
338 278 443 309 mater
468 277 632 318 genitoris.

227 324 289 358 Via
314 324 410 365 vitae,
436 334 494 358 vas
522 325 659 369 decoris,

275 371 397 406 Lilium
420 373 609 414 munditiae,

142 442 202 475 2a.
228 440 339 473 Ardet.
361 440 462 474 rubus
490 443 645 482 caritatis,

277 489 408 523 Puritas
433 499 497 523 non
523 490 673 526 laeditur.

228 536 316 570 Dum
339 538 436 570 limus
460 539 669 572 humanitatis

275 586 400 620 Deitati
421 586 579 627 jungitur.

143 654 203 687 3a.
232 654 420 686 Renovatur
445 657 594 687 creatura

225 701 348 745 Mente,
375 700 493 735 factori
518 701 655 738 factura.

229 750 371 782 Miratur
394 759 503 783 rerum
528 755 654 791 natura,

280 797 381 839 Virga
403 796 500 832 floret
523 799 623 841 regia.

143 866 203 899 4a.
230 865 318 898 Fons
343 867 597 908 misericordiae,

276 913 366 947 Rosa
391 915 561 957 claritatis,

230 963 359 995 Aurora
382 963 537 1004 laetitiae,

278 1011 401 1044 Manna
426 1011 587 1054 sanitatis,

142 1081 206 1114 ba.
232 1078 372 1112 Summis
399 1079 491 1111 donis
517 1079 679 1117 decorata,

230 1127 337 1168 Super
363 1127 468 1160 coelos
493 1127 667 1161 sublimata

279 1176 471 1211 Sanctorum
496 1175 631 1217 rosario,

840 277 900 312 1b.
924 277 1028 310 Stella
1050 276 1160 311 maris.
1187 276 1236 308 sol
1260 274 1456 317 splendoris,

924 325 1002 359 Veri
1027 325 1202 366 virgultum
1228 323 1356 356 amoris.

972 372 1150 406 Paradisus
1175 373 1308 414 gratiae.

842 441 903 476 2b.
922 441 1036 474 Velius
1060 450 1135 474 rore
1158 440 1290 482 pietatis

972 489 1144 523 Perfusum
1168 498 1255 521 nunc
1279 488 1430 528 cernitur,

925 539 1044 572 Partus
1067 538 1170 570 mirae
1191 536 1345 570 novitatis

973 586 1026 618 Ex
1050 585 1159 619 Maria
1182 585 1335 618 nascitur.

844 653 903 688 3b.
929 653 954 686 O
980 653 1129 686 miranda
1154 653 1308 692 celatura,

925 702 1035 734 Mater
1059 710 1191 735 manens
1213 702 1303 742 virgo
1328 710 1421 742 pura,

927 749 1017 782 Deus
1042 750 1147 791 homo,
1174 750 1255 791 legis.
1277 750 1354 787 jura

975 797 1099 831 Pandis
1124 798 1309 839 singularia.

845 865 905 901 4b.
928 866 982 899 Da
1010 866 1176 907 pigmenta
1200 865 1333 908 gratiae,

979 913 1069 947 Cella
1093 914 1285 956 sanctitatis,

928 963 1065 995 Portans
1091 964 1222 1003 sceptra
1238 962 1337 1003 gloria
1344 971 1370 997 e.

976 1010 1146 1052 Templum
1171 1010 1337 1043 trinitatis.

846 1078 906 1113 5b.
930 1079 1028 1119 Virgo
1052 1078 1123 1111 Deo
1150 1078 1311 1120 dedicata,

929 1127 1003 1159 Duc
1025 1135 1085 1159 nos
1108 1127 1152 1159 ad
1176 1134 1277 1167 regna
1300 1126 1398 1159 beata

979 1174 1057 1207 Cum
1084 1175 1203 1207 dilecto
1228 1173 1307 1207 filio.

223 1263 308 1291 Miss.
329 1271 383 1290 ms.
407 1261 502 1299 Capit.
527 1262 715 1291 olomucens.
737 1261 784 1291 50.
805 1269 883 1290 saec.
906 1259 950 1290 15.

589 1394 651 1427 138.
691 1394 736 1426 De
756 1395 853 1427 beata
873 1394 974 1427 Maria
995 1393 1031 1425 V.

149 1482 207 1515 la.
233 1482 316 1523 Ave,
342 1481 442 1514 maris
465 1482 572 1522 stella,

231 1529 339 1563 Verbo
364 1530 427 1563 Dei
454 1530 547 1571 cella,

281 1578 452 1620 Singulare
481 1579 596 1619 lilium,

141 1649 207 1681 2a.
235 1646 371 1680 Sumens
397 1646 479 1679 illud
505 1655 564 1679 ave

236 1695 373 1728 Gratum
399 1698 432 1726 et
456 1704 555 1727 suave

281 1742 444 1777 Gabrielis
473 1744 597 1782 nuntio,

146 1814 206 1847 aa.
233 1810 331 1845 Solve
354 1811 465 1845 vincla
487 1811 564 1851 reis,

230 1858 348 1894 Profer
369 1861 478 1893 lumen
506 1859 562 1899 eis,

281 1909 343 1950 Qui
367 1911 444 1942 sunt
466 1909 502 1941 in
528 1908 687 1949 caligine3

147 1981 207 2015 4a.
234 1978 385 2011 Monstra
409 1979 442 2009 te
467 1985 538 2010 esse
562 1979 699 2009 matrem

234 2027 280 2059 Et
303 2035 402 2060 exora
425 2029 563 2068 patrem,

284 2073 374 2108 Fons
398 2074 653 2115 misericordiae,

142 2145 205 2179 za.
233 2143 333 2185 Virgo
359 2143 542 2184 singularis,

230 2193 282 2225 Tu
307 2201 390 2233 quae
414 2192 542 2232 prolem
566 2192 657 2233 paris

279 2241 357 2275 Sine
379 2240 444 2274 viri
469 2240 601 2282 semine,

146 2314 204 2348 6a.
230 2312 343 2346 Vitam
368 2312 501 2352 praesta
521 2318 647 2350 puram,

232 2361 343 2396 Vitam
370 2360 413 2393 da
438 2368 596 2400 securam,

284 2410 379 2445 Omni
406 2408 537 2450 plenam
562 2407 691 2451 gaudio,

849 1480 908 1516 1b.
930 1481 1040 1514 Mater
1066 1483 1097 1513 et
1121 1480 1242 1523 puella,

932 1530 1064 1563 Patrem
1088 1529 1262 1571 interpella

979 1578 1045 1611 Pro
1070 1577 1163 1611 nobis
1188 1580 1219 1609 et
1244 1577 1357 1610 filium.

849 1646 908 1680 ab.
933 1646 1002 1679 Nos
1022 1646 1058 1678 in
1082 1654 1164 1686 pace
1189 1643 1289 1678 funda

932 1695 1064 1735 Nosque
1088 1702 1187 1734 prece
1211 1693 1331 1726 munda

979 1744 1011 1776 A
1035 1743 1149 1775 mundi
1175 1742 1333 1783 contagio.

849 1812 910 1846 ab.
930 1810 1023 1844 Mala
1045 1811 1159 1843 nostra
1182 1809 1270 1849 pelle

932 1859 978 1892 Et
1002 1859 1111 1899 lapsos
1137 1858 1239 1890 evelle

983 1906 1135 1941 Sor-dium
1159 1907 1325 1948 voragine.

849 1977 910 2012 4b.
933 1976 981 2010 Ut
1004 1978 1131 2008 nost-ros
1158 1977 1266 2008 reatus

933 2025 1043 2058 Donet
1067 2033 1108 2056 ex
1131 2026 1165 2056 te
1189 2028 1284 2057 natus

981 2073 1084 2107 Nobis
1111 2072 1195 2106 dono
1220 2072 1355 2115 gratiae.

853 2142 913 2177 5b.
936 2142 1004 2174 Nos
1033 2139 1136 2182 culpis
1162 2139 1285 2173 solutos

933 2191 1033 2224 Mites
1058 2189 1112 2222 fac
1135 2191 1169 2221 et
1191 2191 1278 2222 tutos

982 2238 1101 2272 Mortis
1126 2238 1160 2270 in
1187 2237 1343 2270 examine.

852 2309 911 2343 eb.
934 2308 982 2342 Ut
1007 2308 1118 2341 Jesum
1144 2306 1291 2340 videntes

938 2357 1044 2391 Simus
1069 2355 1306 2397 congaudentes

985 2404 1125 2439 Coelesti
1151 2405 1322 2439 consortio.
