<?xml version="1.0" encoding="UTF-8"?>
<!DOCTYPE html PUBLIC "-//W3C//DTD XHTML 1.0 Transitional//EN"
    "http://www.w3.org/TR/xhtml1/DTD/xhtml1-transitional.dtd">
<html xmlns="http://www.w3.org/1999/xhtml" xml:lang="en" lang="en">
 <head>
  <title>
</title>
<meta http-equiv="Content-Type" content="text/html;charset=utf-8" />
  <meta name='ocr-system' content='tesseract 3.04.00' />
  <meta name='ocr-capabilities' content='ocr_page ocr_carea ocr_par ocr_line ocrx_word'/>
</head>
<body>
  <div class='ocr_page' id='page_1' title='image "./analectahymnica10drevuoft_00325.png"; bbox 0 0 1652 2678; ppageno 0'>
   <div class='ocr_carea' id='block_1_1' title="bbox 665 96 932 132">
    <p class='ocr_par' dir='ltr' id='par_1_1' title="bbox 665 96 932 132">
     <span class='ocr_line' id='line_1_1' title="bbox 665 96 932 132; baseline 0 0"><span class='ocrx_word' id='word_1_1' title='bbox 665 96 932 132; x_wconf 79' lang='lat'>—322—</span> 
     </span>
    </p>
   </div>
   <div class='ocr_carea' id='block_1_2' title="bbox 128 184 1470 344">
    <p class='ocr_par' dir='ltr' id='par_1_2' title="bbox 128 184 1470 344">
     <span class='ocr_line' id='line_1_2' title="bbox 205 184 1468 224; baseline -0.007 -2"><span class='ocrx_word' id='word_1_2' title='bbox 205 195 290 223; x_wconf 82' lang='lat' dir='ltr'>Miss.</span> <span class='ocrx_word' id='word_1_3' title='bbox 317 204 371 223; x_wconf 80' lang='lat' dir='ltr'>ms.</span> <span class='ocrx_word' id='word_1_4' title='bbox 397 196 569 224; x_wconf 80' lang='lat' dir='ltr'>Parisiense</span> <span class='ocrx_word' id='word_1_5' title='bbox 591 202 668 223; x_wconf 80' lang='lat' dir='ltr'>saec.</span> <span class='ocrx_word' id='word_1_6' title='bbox 698 191 742 221; x_wconf 81' lang='lat'>15.</span> <span class='ocrx_word' id='word_1_7' title='bbox 771 192 842 221; x_wconf 77' lang='lat' dir='ltr'>Coti.</span> <span class='ocrx_word' id='word_1_8' title='bbox 867 191 1026 219; x_wconf 79' lang='lat' dir='ltr'>Hafniens.</span> <span class='ocrx_word' id='word_1_9' title='bbox 1053 187 1155 217; x_wconf 84' lang='lat' dir='ltr'>Thott.</span> <span class='ocrx_word' id='word_1_10' title='bbox 1180 187 1245 215; x_wconf 79' lang='lat' dir='ltr'>Fol.</span> <span class='ocrx_word' id='word_1_11' title='bbox 1273 184 1338 215; x_wconf 89' lang='grc'>146.</span> <span class='ocrx_word' id='word_1_12' title='bbox 1366 185 1401 214; x_wconf 89' lang='lat' dir='ltr'>A.</span> <span class='ocrx_word' id='word_1_13' title='bbox 1430 202 1468 206; x_wconf 90' lang='lat'><strong>—</strong></span> 
     </span>
     <span class='ocr_line' id='line_1_3' title="bbox 129 225 1470 262; baseline -0.005 -1"><span class='ocrx_word' id='word_1_14' title='bbox 129 234 214 262; x_wconf 81' lang='lat' dir='ltr'>Miss.</span> <span class='ocrx_word' id='word_1_15' title='bbox 235 242 290 261; x_wconf 89' lang='lat' dir='ltr'>ms.</span> <span class='ocrx_word' id='word_1_16' title='bbox 310 233 483 262; x_wconf 83' lang='lat' dir='ltr'>Parisiense</span> <span class='ocrx_word' id='word_1_17' title='bbox 502 242 580 261; x_wconf 81' lang='lat' dir='ltr'>saec.</span> <span class='ocrx_word' id='word_1_18' title='bbox 602 232 647 261; x_wconf 86' lang='lat'>15.</span> <span class='ocrx_word' id='word_1_19' title='bbox 669 231 740 260; x_wconf 83' lang='lat' dir='ltr'>Cod.</span> <span class='ocrx_word' id='word_1_20' title='bbox 761 231 901 259; x_wconf 81' lang='lat' dir='ltr'>Tolosan.</span> <span class='ocrx_word' id='word_1_21' title='bbox 925 227 990 257; x_wconf 79' lang='grc'>102.</span> <span class='ocrx_word' id='word_1_22' title='bbox 1009 228 1044 255; x_wconf 92' lang='grc' dir='ltr'>Β.</span> <span class='ocrx_word' id='word_1_23' title='bbox 1066 242 1104 246; x_wconf 85' lang='grc'>-</span> <span class='ocrx_word' id='word_1_24' title='bbox 1119 227 1206 255; x_wconf 84' lang='lat' dir='ltr'>Miss.</span> <span class='ocrx_word' id='word_1_25' title='bbox 1228 234 1283 254; x_wconf 90' lang='lat' dir='ltr'>ms.</span> <span class='ocrx_word' id='word_1_26' title='bbox 1296 225 1470 254; x_wconf 78' lang='lat' dir='ltr'>Parisiense</span> 
     </span>
     <span class='ocr_line' id='line_1_4' title="bbox 129 261 1468 308; baseline -0.007 -7"><span class='ocrx_word' id='word_1_27' title='bbox 129 280 207 301; x_wconf 69' lang='lat' dir='ltr'>saec.</span> <span class='ocrx_word' id='word_1_28' title='bbox 236 270 281 300; x_wconf 86' lang='lat'>15.</span> <span class='ocrx_word' id='word_1_29' title='bbox 310 271 380 300; x_wconf 81' lang='lat' dir='ltr'>Cod.</span> <span class='ocrx_word' id='word_1_30' title='bbox 401 273 612 308; x_wconf 81' lang='lat' dir='ltr'>Rotomagens.</span> <span class='ocrx_word' id='word_1_31' title='bbox 633 268 699 298; x_wconf 85' lang='grc'>279.</span> <span class='ocrx_word' id='word_1_32' title='bbox 722 268 753 297; x_wconf 88' lang='lat' dir='ltr'>C.</span> <span class='ocrx_word' id='word_1_33' title='bbox 782 283 821 290; x_wconf 81' lang='lat'>—</span> <span class='ocrx_word' id='word_1_34' title='bbox 846 269 932 296; x_wconf 89' lang='lat' dir='ltr'>Miss.</span> <span class='ocrx_word' id='word_1_35' title='bbox 953 275 1007 295; x_wconf 77' lang='lat' dir='ltr'>ms.</span> <span class='ocrx_word' id='word_1_36' title='bbox 1028 266 1202 294; x_wconf 83' lang='lat' dir='ltr'>Parisiense</span> <span class='ocrx_word' id='word_1_37' title='bbox 1222 272 1300 293; x_wconf 81' lang='lat' dir='ltr'>saec.</span> <span class='ocrx_word' id='word_1_38' title='bbox 1324 261 1370 292; x_wconf 85' lang='lat'>14.</span> <span class='ocrx_word' id='word_1_39' title='bbox 1397 264 1468 293; x_wconf 86' lang='lat' dir='ltr'>God.</span> 
     </span>
     <span class='ocr_line' id='line_1_5' title="bbox 128 302 1469 344; baseline -0.006 -6"><span class='ocrx_word' id='word_1_40' title='bbox 128 310 312 339; x_wconf 69' lang='lat' dir='ltr'>Londinens,</span> <span class='ocrx_word' id='word_1_41' title='bbox 333 310 408 338; x_wconf 83' lang='lat' dir='ltr'>Add.</span> <span class='ocrx_word' id='word_1_42' title='bbox 429 308 514 339; x_wconf 87' lang='grc'>2891.</span> <span class='ocrx_word' id='word_1_43' title='bbox 534 310 573 337; x_wconf 93' lang='lat' dir='ltr'>D.</span> <span class='ocrx_word' id='word_1_44' title='bbox 593 325 633 330; x_wconf 89' lang='lat'>--</span> <span class='ocrx_word' id='word_1_45' title='bbox 654 306 703 341; x_wconf 77' lang='lat' dir='ltr'>la,</span> <span class='ocrx_word' id='word_1_46' title='bbox 728 306 742 335; x_wconf 89' lang='lat'>1</span> <span class='ocrx_word' id='word_1_47' title='bbox 763 308 894 343; x_wconf 75' lang='lat' dir='ltr'>Plangat</span> <span class='ocrx_word' id='word_1_48' title='bbox 918 307 999 344; x_wconf 84' lang='lat' dir='ltr'>rigat</span> <span class='ocrx_word' id='word_1_49' title='bbox 1019 304 1079 339; x_wconf 83' lang='lat' dir='ltr'>Ao,</span> <span class='ocrx_word' id='word_1_50' title='bbox 1100 304 1265 340; x_wconf 73' lang='lat' dir='ltr'>korrigiert</span> <span class='ocrx_word' id='word_1_51' title='bbox 1283 304 1318 331; x_wconf 88' lang='lat' dir='ltr'>in</span> <span class='ocrx_word' id='word_1_52' title='bbox 1336 302 1469 338; x_wconf 59' lang='lat' dir='ltr'>Plani-at,</span> 
     </span>
    </p>
   </div>
   <div class='ocr_carea' id='block_1_3' title="bbox 127 340 1471 461">
    <p class='ocr_par' dir='ltr' id='par_1_3' title="bbox 127 340 1471 461">
     <span class='ocr_line' id='line_1_6' title="bbox 127 340 1469 385; baseline -0.005 -8"><span class='ocrx_word' id='word_1_53' title='bbox 127 347 208 385; x_wconf 82' lang='lat' dir='ltr'>rigat</span> <span class='ocrx_word' id='word_1_54' title='bbox 229 348 259 376; x_wconf 88' lang='lat' dir='ltr'>C.</span> <span class='ocrx_word' id='word_1_55' title='bbox 286 363 323 369; x_wconf 89' lang='lat'>—-</span> <span class='ocrx_word' id='word_1_56' title='bbox 353 347 405 382; x_wconf 72' lang='lat' dir='ltr'>lb,</span> <span class='ocrx_word' id='word_1_57' title='bbox 427 347 445 375; x_wconf 98' lang='grc'>2</span> <span class='ocrx_word' id='word_1_58' title='bbox 463 349 576 377; x_wconf 82' lang='lat' dir='ltr'>fruetus</span> <span class='ocrx_word' id='word_1_59' title='bbox 598 350 644 376; x_wconf 85' lang='lat' dir='ltr'>est</span> <span class='ocrx_word' id='word_1_60' title='bbox 662 348 833 383; x_wconf 81' lang='lat' dir='ltr'>praesentia</span> <span class='ocrx_word' id='word_1_61' title='bbox 854 346 890 373; x_wconf 83' lang='lat' dir='ltr'>A.</span> <span class='ocrx_word' id='word_1_62' title='bbox 917 361 952 365; x_wconf 90' lang='lat'>—</span> <span class='ocrx_word' id='word_1_63' title='bbox 979 341 1030 376; x_wconf 75' lang='lat'>33,</span> <span class='ocrx_word' id='word_1_64' title='bbox 1054 341 1068 370; x_wconf 90' lang='lat'>1</span> <span class='ocrx_word' id='word_1_65' title='bbox 1092 340 1191 379; x_wconf 84' lang='lat' dir='ltr'>Stirps</span> <span class='ocrx_word' id='word_1_66' title='bbox 1211 343 1291 379; x_wconf 70' lang='lat' dir='ltr'>reg-is</span> <span class='ocrx_word' id='word_1_67' title='bbox 1313 341 1352 370; x_wconf 81' lang='lat' dir='ltr'>ad</span> <span class='ocrx_word' id='word_1_68' title='bbox 1372 342 1469 370; x_wconf 81' lang='lat' dir='ltr'>fureu-</span> 
     </span>
     <span class='ocr_line' id='line_1_7' title="bbox 128 379 1470 423; baseline -0.006 -7"><span class='ocrx_word' id='word_1_69' title='bbox 128 388 191 416; x_wconf 80' lang='lat' dir='ltr'>lum</span> <span class='ocrx_word' id='word_1_70' title='bbox 214 387 265 423; x_wconf 78' lang='lat' dir='ltr'>A.;</span> <span class='ocrx_word' id='word_1_71' title='bbox 297 388 397 423; x_wconf 79' lang='lat' dir='ltr'>regius</span> <span class='ocrx_word' id='word_1_72' title='bbox 418 387 456 415; x_wconf 80' lang='lat' dir='ltr'>ad</span> <span class='ocrx_word' id='word_1_73' title='bbox 477 386 628 414; x_wconf 71' lang='lat' dir='ltr'>surculum</span> <span class='ocrx_word' id='word_1_74' title='bbox 647 384 720 418; x_wconf 62' lang='lat' dir='ltr'>BG„</span> <span class='ocrx_word' id='word_1_75' title='bbox 740 383 824 413; x_wconf 77' lang='lat' dir='ltr'>ken-i</span> <span class='ocrx_word' id='word_1_76' title='bbox 845 385 904 412; x_wconf 83' lang='lat' dir='ltr'>iert</span> <span class='ocrx_word' id='word_1_77' title='bbox 921 385 956 411; x_wconf 88' lang='lat' dir='ltr'>in</span> <span class='ocrx_word' id='word_1_78' title='bbox 974 383 1061 418; x_wconf 76' lang='lat' dir='ltr'>regia</span> <span class='ocrx_word' id='word_1_79' title='bbox 1080 384 1136 410; x_wconf 83' lang='lat' dir='ltr'>ete.</span> <span class='ocrx_word' id='word_1_80' title='bbox 1156 382 1192 410; x_wconf 79' lang='lat' dir='ltr'>A.</span> <span class='ocrx_word' id='word_1_81' title='bbox 1214 395 1252 400; x_wconf 87' lang='lat'>—</span> <span class='ocrx_word' id='word_1_82' title='bbox 1274 379 1327 417; x_wconf 68' lang='lat'>322,</span> <span class='ocrx_word' id='word_1_83' title='bbox 1348 379 1370 408; x_wconf 87' lang='lat'>4</span> <span class='ocrx_word' id='word_1_84' title='bbox 1390 381 1470 409; x_wconf 44' lang='lat' dir='ltr'>Viri*</span> 
     </span>
     <span class='ocr_line' id='line_1_8' title="bbox 129 416 1471 461; baseline -0.004 -7"><span class='ocrx_word' id='word_1_85' title='bbox 129 427 186 455; x_wconf 82' lang='lat' dir='ltr'>bus</span> <span class='ocrx_word' id='word_1_86' title='bbox 208 434 244 454; x_wconf 81' lang='lat' dir='ltr'>en</span> <span class='ocrx_word' id='word_1_87' title='bbox 263 425 442 461; x_wconf 82' lang='lat' dir='ltr'><strong>virguncula</strong></span> <span class='ocrx_word' id='word_1_88' title='bbox 463 424 510 458; x_wconf 83' lang='lat' dir='ltr'>G.;</span> <span class='ocrx_word' id='word_1_89' title='bbox 533 424 631 452; x_wconf 83' lang='lat' dir='ltr'>virilis</span> <span class='ocrx_word' id='word_1_90' title='bbox 652 432 690 451; x_wconf 83' lang='lat' dir='ltr'>en</span> <span class='ocrx_word' id='word_1_91' title='bbox 709 423 743 451; x_wconf 87' lang='grc' dir='ltr'>Β.</span> <span class='ocrx_word' id='word_1_92' title='bbox 769 438 808 443; x_wconf 91' lang='lat'>—-</span> <span class='ocrx_word' id='word_1_93' title='bbox 860 423 887 456; x_wconf 85' lang='grc'>1),</span> <span class='ocrx_word' id='word_1_94' title='bbox 909 420 928 449; x_wconf 87' lang='grc'>2</span> <span class='ocrx_word' id='word_1_95' title='bbox 948 421 1077 450; x_wconf 78' lang='lat' dir='ltr'><strong>sentitur</strong></span> <span class='ocrx_word' id='word_1_96' title='bbox 1096 420 1161 448; x_wconf 85' lang='lat' dir='ltr'>AD.</span> <span class='ocrx_word' id='word_1_97' title='bbox 1187 434 1226 438; x_wconf 89' lang='lat'>——</span> <span class='ocrx_word' id='word_1_98' title='bbox 1253 417 1307 455; x_wconf 87' lang='lat' dir='ltr'>3b,</span> <span class='ocrx_word' id='word_1_99' title='bbox 1330 416 1349 447; x_wconf 81' lang='lat'><strong>3</strong></span> <span class='ocrx_word' id='word_1_100' title='bbox 1369 428 1471 448; x_wconf 82' lang='lat' dir='ltr'>ursam</span> 
     </span>
    </p>
   </div>
   <div class='ocr_carea' id='block_1_4' title="bbox 126 458 1471 614">
    <p class='ocr_par' dir='ltr' id='par_1_4' title="bbox 126 458 1471 614">
     <span class='ocr_line' id='line_1_9' title="bbox 128 458 1471 498; baseline -0.005 -5"><span class='ocrx_word' id='word_1_101' title='bbox 128 466 162 493; x_wconf 77' lang='grc' dir='ltr'>Β.</span> <span class='ocrx_word' id='word_1_102' title='bbox 256 462 310 498; x_wconf 81' lang='grc'>31),</span> <span class='ocrx_word' id='word_1_103' title='bbox 330 462 348 490; x_wconf 88' lang='lat'>5</span> <span class='ocrx_word' id='word_1_104' title='bbox 369 464 412 492; x_wconf 84' lang='lat' dir='ltr'>Ut</span> <span class='ocrx_word' id='word_1_105' title='bbox 430 462 505 490; x_wconf 83' lang='lat' dir='ltr'>fehlt</span> <span class='ocrx_word' id='word_1_106' title='bbox 522 462 639 491; x_wconf 84' lang='lat' dir='ltr'>ABCD.</span> <span class='ocrx_word' id='word_1_107' title='bbox 667 476 703 480; x_wconf 92' lang='lat'>—</span> <span class='ocrx_word' id='word_1_108' title='bbox 730 461 781 489; x_wconf 85' lang='lat' dir='ltr'>7a.</span> <span class='ocrx_word' id='word_1_109' title='bbox 805 460 821 489; x_wconf 87' lang='lat'>1</span> <span class='ocrx_word' id='word_1_110' title='bbox 841 461 955 488; x_wconf 84' lang='lat' dir='ltr'>Rumor</span> <span class='ocrx_word' id='word_1_111' title='bbox 974 459 1048 488; x_wconf 83' lang='lat' dir='ltr'>colit</span> <span class='ocrx_word' id='word_1_112' title='bbox 1067 460 1119 496; x_wconf 83' lang='lat' dir='ltr'>A.;</span> <span class='ocrx_word' id='word_1_113' title='bbox 1146 459 1237 487; x_wconf 85' lang='lat' dir='ltr'>timor</span> <span class='ocrx_word' id='word_1_114' title='bbox 1257 458 1356 487; x_wconf 78' lang='lat' dir='ltr'>choris</span> <span class='ocrx_word' id='word_1_115' title='bbox 1376 459 1411 487; x_wconf 89' lang='lat' dir='ltr'>B.</span> <span class='ocrx_word' id='word_1_116' title='bbox 1431 474 1471 478; x_wconf 97' lang='lat'><strong>—</strong></span> 
     </span>
     <span class='ocr_line' id='line_1_10' title="bbox 127 495 1468 536; baseline -0.004 -6"><span class='ocrx_word' id='word_1_117' title='bbox 127 501 190 536; x_wconf 69' lang='lat'>9³,</span> <span class='ocrx_word' id='word_1_118' title='bbox 211 500 229 530; x_wconf 82' lang='lat'><strong>3</strong></span> <span class='ocrx_word' id='word_1_119' title='bbox 251 502 334 530; x_wconf 64' lang='lat' dir='ltr'>Gens</span> <span class='ocrx_word' id='word_1_120' title='bbox 351 501 519 529; x_wconf 82' lang='lat' dir='ltr'><strong>discurrens</strong></span> <span class='ocrx_word' id='word_1_121' title='bbox 539 500 575 527; x_wconf 88' lang='lat' dir='ltr'>A.</span> <span class='ocrx_word' id='word_1_122' title='bbox 594 515 634 520; x_wconf 86' lang='lat'><strong>—</strong></span> <span class='ocrx_word' id='word_1_123' title='bbox 656 498 732 535; x_wconf 85' lang='lat' dir='ltr'>10a,</span> <span class='ocrx_word' id='word_1_124' title='bbox 757 498 772 527; x_wconf 88' lang='lat'>1</span> <span class='ocrx_word' id='word_1_125' title='bbox 794 508 859 527; x_wconf 87' lang='lat' dir='ltr'>eum</span> <span class='ocrx_word' id='word_1_126' title='bbox 880 499 1001 527; x_wconf 77' lang='lat' dir='ltr'>fletibus</span> <span class='ocrx_word' id='word_1_127' title='bbox 1022 498 1072 534; x_wconf 84' lang='lat' dir='ltr'>A.;</span> <span class='ocrx_word' id='word_1_128' title='bbox 1095 497 1261 526; x_wconf 77' lang='lat' dir='ltr'>confetibus</span> <span class='ocrx_word' id='word_1_129' title='bbox 1281 498 1316 526; x_wconf 94' lang='lat' dir='ltr'>B.</span> <span class='ocrx_word' id='word_1_130' title='bbox 1337 514 1375 518; x_wconf 89' lang='lat'><strong>—</strong></span> <span class='ocrx_word' id='word_1_131' title='bbox 1398 495 1468 532; x_wconf 68' lang='lat'>1021,</span> 
     </span>
     <span class='ocr_line' id='line_1_11' title="bbox 126 534 1470 576; baseline -0.003 -8"><span class='ocrx_word' id='word_1_132' title='bbox 126 538 146 569; x_wconf 84' lang='lat'>5</span> <span class='ocrx_word' id='word_1_133' title='bbox 166 540 251 576; x_wconf 76' lang='lat' dir='ltr'>fugat</span> <span class='ocrx_word' id='word_1_134' title='bbox 269 541 305 568; x_wconf 88' lang='lat' dir='ltr'>A.</span> <span class='ocrx_word' id='word_1_135' title='bbox 326 554 364 558; x_wconf 94' lang='lat'>—-</span> <span class='ocrx_word' id='word_1_136' title='bbox 387 537 464 575; x_wconf 70' lang='lat'>1222,</span> <span class='ocrx_word' id='word_1_137' title='bbox 493 536 508 565; x_wconf 87' lang='lat'>1</span> <span class='ocrx_word' id='word_1_138' title='bbox 527 539 643 567; x_wconf 80' lang='lat' dir='ltr'>latebat</span> <span class='ocrx_word' id='word_1_139' title='bbox 662 538 697 565; x_wconf 81' lang='lat' dir='ltr'>A.</span> <span class='ocrx_word' id='word_1_140' title='bbox 722 553 755 557; x_wconf 91' lang='lat'>—</span> <span class='ocrx_word' id='word_1_141' title='bbox 779 536 856 571; x_wconf 64' lang='lat'>1221,</span> <span class='ocrx_word' id='word_1_142' title='bbox 885 535 904 566; x_wconf 83' lang='lat'>3</span> <span class='ocrx_word' id='word_1_143' title='bbox 924 538 1054 565; x_wconf 81' lang='lat' dir='ltr'>Tantum</span> <span class='ocrx_word' id='word_1_144' title='bbox 1072 537 1109 565; x_wconf 93' lang='lat' dir='ltr'>A.</span> <span class='ocrx_word' id='word_1_145' title='bbox 1129 553 1168 558; x_wconf 88' lang='lat'>-</span> <span class='ocrx_word' id='word_1_146' title='bbox 1191 534 1264 573; x_wconf 68' lang='lat'>1221,</span> <span class='ocrx_word' id='word_1_147' title='bbox 1285 535 1306 565; x_wconf 87' lang='lat'>4</span> <span class='ocrx_word' id='word_1_148' title='bbox 1324 536 1470 565; x_wconf 77' lang='lat' dir='ltr'>Triticum</span> 
     </span>
     <span class='ocr_line' id='line_1_12' title="bbox 127 575 924 614; baseline -0.003 -8"><span class='ocrx_word' id='word_1_149' title='bbox 127 575 319 614; x_wconf 80' lang='lat' dir='ltr'>triumphasti</span> <span class='ocrx_word' id='word_1_150' title='bbox 338 576 454 605; x_wconf 91' lang='lat' dir='ltr'>ABCD.</span> <span class='ocrx_word' id='word_1_151' title='bbox 478 591 516 596; x_wconf 83' lang='lat'>--</span> <span class='ocrx_word' id='word_1_152' title='bbox 540 575 610 611; x_wconf 87' lang='lat' dir='ltr'>14b,</span> <span class='ocrx_word' id='word_1_153' title='bbox 631 576 652 605; x_wconf 91' lang='grc'>4</span> <span class='ocrx_word' id='word_1_154' title='bbox 671 578 869 605; x_wconf 77' lang='lat' dir='ltr'>intransitura</span> <span class='ocrx_word' id='word_1_155' title='bbox 889 576 924 603; x_wconf 91' lang='lat' dir='ltr'>A.</span> 
     </span>
    </p>
   </div>
   <div class='ocr_carea' id='block_1_5' title="bbox 579 669 1015 701">
    <p class='ocr_par' dir='ltr' id='par_1_5' title="bbox 579 669 1015 701">
     <span class='ocr_line' id='line_1_13' title="bbox 579 669 1015 701; baseline -0.005 0"><span class='ocrx_word' id='word_1_156' title='bbox 579 669 649 701; x_wconf 83' lang='lat'>427.</span> <span class='ocrx_word' id='word_1_157' title='bbox 690 669 734 701; x_wconf 86' lang='lat' dir='ltr'>De</span> <span class='ocrx_word' id='word_1_158' title='bbox 755 669 867 701; x_wconf 78' lang='lat' dir='ltr'>sancta</span> <span class='ocrx_word' id='word_1_159' title='bbox 889 669 1015 701; x_wconf 79' lang='lat' dir='ltr'>Ursula.</span> 
     </span>
    </p>
   </div>
   <div class='ocr_carea' id='block_1_6' title="bbox 153 740 1482 2383">
    <p class='ocr_par' dir='ltr' id='par_1_6' title="bbox 153 740 1482 2383">
     <span class='ocr_line' id='line_1_14' title="bbox 155 740 1254 782; baseline -0.002 -7"><span class='ocrx_word' id='word_1_160' title='bbox 155 742 211 776; x_wconf 82' lang='lat' dir='ltr'>la.</span> <span class='ocrx_word' id='word_1_161' title='bbox 239 741 380 775; x_wconf 86' lang='lat' dir='ltr'>Coelesti</span> <span class='ocrx_word' id='word_1_162' title='bbox 406 740 567 775; x_wconf 82' lang='lat' dir='ltr'>connubio</span> <span class='ocrx_word' id='word_1_163' title='bbox 854 741 914 774; x_wconf 77' lang='lat' dir='ltr'>lb.</span> <span class='ocrx_word' id='word_1_164' title='bbox 936 741 1118 776; x_wconf 81' lang='lat' dir='ltr'>Jubilemus</span> <span class='ocrx_word' id='word_1_165' title='bbox 1144 741 1254 782; x_wconf 86' lang='lat' dir='ltr'>igitur,</span> 
     </span>
     <span class='ocr_line' id='line_1_15' title="bbox 235 789 1286 831; baseline 0 -9"><span class='ocrx_word' id='word_1_166' title='bbox 235 789 412 831; x_wconf 84' lang='lat' dir='ltr'>Virginalis</span> <span class='ocrx_word' id='word_1_167' title='bbox 440 790 550 823; x_wconf 83' lang='lat' dir='ltr'>concio</span> <span class='ocrx_word' id='word_1_168' title='bbox 938 789 1019 830; x_wconf 84' lang='lat' dir='ltr'>Quia</span> <span class='ocrx_word' id='word_1_169' title='bbox 1044 789 1115 822; x_wconf 88' lang='lat' dir='ltr'>Deo</span> <span class='ocrx_word' id='word_1_170' title='bbox 1137 790 1286 831; x_wconf 84' lang='lat' dir='ltr'>jungitur</span> 
     </span>
     <span class='ocr_line' id='line_1_16' title="bbox 283 837 1299 883; baseline -0.001 -12"><span class='ocrx_word' id='word_1_171' title='bbox 283 838 341 871; x_wconf 87' lang='lat' dir='ltr'>Fit</span> <span class='ocrx_word' id='word_1_172' title='bbox 363 838 506 871; x_wconf 77' lang='lat' dir='ltr'>Messiae</span> <span class='ocrx_word' id='word_1_173' title='bbox 531 838 627 883; x_wconf 78' lang='lat' dir='ltr'>socia,</span> <span class='ocrx_word' id='word_1_174' title='bbox 984 837 1126 879; x_wconf 84' lang='lat' dir='ltr'>Fragilis</span> <span class='ocrx_word' id='word_1_175' title='bbox 1152 839 1299 871; x_wconf 85' lang='lat' dir='ltr'>materia.</span> 
     </span>
     <span class='ocr_line' id='line_1_17' title="bbox 153 904 1433 946; baseline 0 -8"><span class='ocrx_word' id='word_1_176' title='bbox 153 906 212 939; x_wconf 84' lang='lat' dir='ltr'>2a.</span> <span class='ocrx_word' id='word_1_177' title='bbox 237 904 414 937; x_wconf 82' lang='lat' dir='ltr'>Infirmitas</span> <span class='ocrx_word' id='word_1_178' title='bbox 439 904 640 938; x_wconf 86' lang='lat' dir='ltr'>substantiae</span> <span class='ocrx_word' id='word_1_179' title='bbox 853 904 914 939; x_wconf 81' lang='grc'>21).</span> <span class='ocrx_word' id='word_1_180' title='bbox 937 905 1012 938; x_wconf 81' lang='lat' dir='ltr'>Jam</span> <span class='ocrx_word' id='word_1_181' title='bbox 1036 914 1113 938; x_wconf 83' lang='lat' dir='ltr'>vere</span> <span class='ocrx_word' id='word_1_182' title='bbox 1137 908 1251 946; x_wconf 86' lang='lat' dir='ltr'>pastor</span> <span class='ocrx_word' id='word_1_183' title='bbox 1274 905 1433 938; x_wconf 87' lang='lat' dir='ltr'>luminum</span> 
     </span>
     <span class='ocr_line' id='line_1_18' title="bbox 237 953 1364 995; baseline 0.001 -9"><span class='ocrx_word' id='word_1_184' title='bbox 237 954 294 986; x_wconf 84' lang='lat' dir='ltr'>Fit</span> <span class='ocrx_word' id='word_1_185' title='bbox 318 954 476 994; x_wconf 87' lang='lat' dir='ltr'>templum</span> <span class='ocrx_word' id='word_1_186' title='bbox 505 953 684 994; x_wconf 82' lang='lat' dir='ltr'>pudicitiae</span> <span class='ocrx_word' id='word_1_187' title='bbox 936 953 1081 986; x_wconf 79' lang='lat' dir='ltr'>Effectus</span> <span class='ocrx_word' id='word_1_188' title='bbox 1104 955 1176 986; x_wconf 90' lang='lat' dir='ltr'>erat</span> <span class='ocrx_word' id='word_1_189' title='bbox 1199 954 1364 995; x_wconf 86' lang='lat' dir='ltr'>virginum</span> 
     </span>
     <span class='ocr_line' id='line_1_19' title="bbox 285 1000 1441 1043; baseline 0.002 -9"><span class='ocrx_word' id='word_1_190' title='bbox 285 1001 386 1034; x_wconf 86' lang='lat' dir='ltr'>Plebe</span> <span class='ocrx_word' id='word_1_191' title='bbox 411 1002 470 1035; x_wconf 89' lang='lat' dir='ltr'>sub</span> <span class='ocrx_word' id='word_1_192' title='bbox 494 1002 673 1039; x_wconf 77' lang='lat' dir='ltr'>incredula,</span> <span class='ocrx_word' id='word_1_193' title='bbox 985 1000 1130 1042; x_wconf 86' lang='lat' dir='ltr'>Sponsus</span> <span class='ocrx_word' id='word_1_194' title='bbox 1155 1001 1279 1043; x_wconf 82' lang='lat' dir='ltr'>absque</span> <span class='ocrx_word' id='word_1_195' title='bbox 1302 1003 1441 1037; x_wconf 80' lang='lat' dir='ltr'>macula..</span> 
     </span>
     <span class='ocr_line' id='line_1_20' title="bbox 156 1068 1442 1111; baseline 0.002 -10"><span class='ocrx_word' id='word_1_196' title='bbox 156 1069 213 1101; x_wconf 81' lang='lat' dir='ltr'>3a.</span> <span class='ocrx_word' id='word_1_197' title='bbox 240 1069 332 1101; x_wconf 82' lang='lat' dir='ltr'>Inter</span> <span class='ocrx_word' id='word_1_198' title='bbox 355 1069 431 1101; x_wconf 76' lang='lat' dir='ltr'>illas</span> <span class='ocrx_word' id='word_1_199' title='bbox 455 1069 648 1110; x_wconf 72' lang='lat' dir='ltr'>principans</span> <span class='ocrx_word' id='word_1_200' title='bbox 854 1068 915 1103; x_wconf 82' lang='grc'>31).</span> <span class='ocrx_word' id='word_1_201' title='bbox 936 1069 1058 1110; x_wconf 81' lang='lat' dir='ltr'>Minas,</span> <span class='ocrx_word' id='word_1_202' title='bbox 1077 1070 1163 1102; x_wconf 84' lang='lat' dir='ltr'>vires</span> <span class='ocrx_word' id='word_1_203' title='bbox 1180 1078 1337 1110; x_wconf 85' lang='lat' dir='ltr'>spernens</span> <span class='ocrx_word' id='word_1_204' title='bbox 1356 1070 1442 1111; x_wconf 78' lang='lat' dir='ltr'>regis</span> 
     </span>
     <span class='ocr_line' id='line_1_21' title="bbox 237 1116 1408 1161; baseline 0.002 -12"><span class='ocrx_word' id='word_1_205' title='bbox 237 1116 299 1149; x_wconf 86' lang='lat' dir='ltr'>Est</span> <span class='ocrx_word' id='word_1_206' title='bbox 322 1120 471 1150; x_wconf 82' lang='lat' dir='ltr'>matrona</span> <span class='ocrx_word' id='word_1_207' title='bbox 495 1118 711 1159; x_wconf 85' lang='lat' dir='ltr'>triumphalis,</span> <span class='ocrx_word' id='word_1_208' title='bbox 937 1117 1014 1150; x_wconf 80' lang='lat' dir='ltr'>Dux</span> <span class='ocrx_word' id='word_1_209' title='bbox 1039 1121 1089 1149; x_wconf 83' lang='lat' dir='ltr'>est</span> <span class='ocrx_word' id='word_1_210' title='bbox 1114 1116 1202 1150; x_wconf 80' lang='lat' dir='ltr'>faeta</span> <span class='ocrx_word' id='word_1_211' title='bbox 1227 1119 1277 1150; x_wconf 89' lang='lat' dir='ltr'>sui</span> <span class='ocrx_word' id='word_1_212' title='bbox 1302 1119 1408 1161; x_wconf 85' lang='lat' dir='ltr'>gregis</span> 
     </span>
     <span class='ocr_line' id='line_1_22' title="bbox 285 1164 1332 1206; baseline 0.005 -10"><span class='ocrx_word' id='word_1_213' title='bbox 285 1165 373 1205; x_wconf 83' lang='lat' dir='ltr'>Quae</span> <span class='ocrx_word' id='word_1_214' title='bbox 398 1169 531 1198; x_wconf 77' lang='lat' dir='ltr'>vocatur</span> <span class='ocrx_word' id='word_1_215' title='bbox 555 1165 687 1206; x_wconf 82' lang='lat' dir='ltr'>Ursula,</span> <span class='ocrx_word' id='word_1_216' title='bbox 986 1165 1086 1198; x_wconf 79' lang='lat' dir='ltr'>Velut</span> <span class='ocrx_word' id='word_1_217' title='bbox 1109 1166 1173 1199; x_wconf 85' lang='lat' dir='ltr'>Dei</span> <span class='ocrx_word' id='word_1_218' title='bbox 1199 1164 1332 1202; x_wconf 80' lang='lat' dir='ltr'>famula.</span> 
     </span>
     <span class='ocr_line' id='line_1_23' title="bbox 153 1231 1305 1274; baseline 0.003 -9"><span class='ocrx_word' id='word_1_219' title='bbox 153 1232 213 1265; x_wconf 69' lang='lat'>421.</span> <span class='ocrx_word' id='word_1_220' title='bbox 240 1232 267 1265; x_wconf 94' lang='lat' dir='ltr'>O</span> <span class='ocrx_word' id='word_1_221' title='bbox 292 1231 374 1264; x_wconf 73' lang='lat' dir='ltr'>felix</span> <span class='ocrx_word' id='word_1_222' title='bbox 399 1235 484 1266; x_wconf 80' lang='lat' dir='ltr'>acies</span> <span class='ocrx_word' id='word_1_223' title='bbox 854 1233 916 1267; x_wconf 81' lang='lat' dir='ltr'>4b.</span> <span class='ocrx_word' id='word_1_224' title='bbox 938 1234 1038 1274; x_wconf 79' lang='lat' dir='ltr'>Quam</span> <span class='ocrx_word' id='word_1_225' title='bbox 1063 1234 1155 1266; x_wconf 79' lang='lat' dir='ltr'>nullo</span> <span class='ocrx_word' id='word_1_226' title='bbox 1181 1234 1305 1268; x_wconf 72' lang='lat' dir='ltr'>scetere</span> 
     </span>
     <span class='ocr_line' id='line_1_24' title="bbox 236 1280 1242 1315; baseline 0.002 -3"><span class='ocrx_word' id='word_1_227' title='bbox 236 1280 328 1312; x_wconf 80' lang='lat' dir='ltr'>Haec</span> <span class='ocrx_word' id='word_1_228' title='bbox 354 1284 403 1312; x_wconf 89' lang='lat' dir='ltr'>est</span> <span class='ocrx_word' id='word_1_229' title='bbox 426 1280 580 1314; x_wconf 84' lang='lat' dir='ltr'>undecies</span> <span class='ocrx_word' id='word_1_230' title='bbox 937 1283 1049 1315; x_wconf 80' lang='lat' dir='ltr'>Potest</span> <span class='ocrx_word' id='word_1_231' title='bbox 1073 1282 1242 1314; x_wconf 87' lang='lat' dir='ltr'>involvere</span> 
     </span>
     <span class='ocr_line' id='line_1_25' title="bbox 286 1328 1273 1372; baseline 0.001 -10"><span class='ocrx_word' id='word_1_232' title='bbox 286 1328 425 1362; x_wconf 86' lang='lat' dir='ltr'>Undena</span> <span class='ocrx_word' id='word_1_233' title='bbox 449 1329 549 1372; x_wconf 81' lang='lat' dir='ltr'>milia,</span> <span class='ocrx_word' id='word_1_234' title='bbox 986 1329 1113 1363; x_wconf 89' lang='lat' dir='ltr'>Furens</span> <span class='ocrx_word' id='word_1_235' title='bbox 1136 1330 1273 1363; x_wconf 83' lang='lat' dir='ltr'>insania.</span> 
     </span>
     <span class='ocr_line' id='line_1_26' title="bbox 156 1394 1137 1437; baseline 0.002 -9"><span class='ocrx_word' id='word_1_236' title='bbox 156 1395 212 1428; x_wconf 82' lang='lat' dir='ltr'>5a.</span> <span class='ocrx_word' id='word_1_237' title='bbox 238 1394 396 1427; x_wconf 74' lang='lat' dir='ltr'>Muliebri</span> <span class='ocrx_word' id='word_1_238' title='bbox 857 1397 917 1430; x_wconf 83' lang='lat' dir='ltr'>5b.</span> <span class='ocrx_word' id='word_1_239' title='bbox 941 1396 1137 1437; x_wconf 75' lang='lat' dir='ltr'>Navigando</span> 
     </span>
     <span class='ocr_line' id='line_1_27' title="bbox 287 1443 1374 1487; baseline 0.005 -13"><span class='ocrx_word' id='word_1_240' title='bbox 287 1445 375 1475; x_wconf 88' lang='lat' dir='ltr'>metu</span> <span class='ocrx_word' id='word_1_241' title='bbox 402 1443 549 1484; x_wconf 87' lang='lat' dir='ltr'>deposito</span> <span class='ocrx_word' id='word_1_242' title='bbox 986 1453 1048 1486; x_wconf 84' lang='lat' dir='ltr'>per</span> <span class='ocrx_word' id='word_1_243' title='bbox 1071 1455 1163 1478; x_wconf 84' lang='lat' dir='ltr'>mare</span> <span class='ocrx_word' id='word_1_244' title='bbox 1184 1448 1374 1487; x_wconf 88' lang='lat' dir='ltr'>properant,</span> 
     </span>
     <span class='ocr_line' id='line_1_28' title="bbox 241 1491 1242 1527; baseline 0.002 -4"><span class='ocrx_word' id='word_1_245' title='bbox 241 1491 450 1524; x_wconf 75' lang='lat' dir='ltr'><strong>Intraverunt</strong></span> <span class='ocrx_word' id='word_1_246' title='bbox 938 1494 1069 1526; x_wconf 78' lang='lat' dir='ltr'>Intrant</span> <span class='ocrx_word' id='word_1_247' title='bbox 1093 1494 1242 1527; x_wconf 79' lang='lat' dir='ltr'><strong>Rhenum</strong></span> 
     </span>
     <span class='ocr_line' id='line_1_29' title="bbox 288 1539 1339 1585; baseline 0.003 -14"><span class='ocrx_word' id='word_1_248' title='bbox 288 1539 414 1571; x_wconf 82' lang='lat' dir='ltr'>carinas</span> <span class='ocrx_word' id='word_1_249' title='bbox 440 1540 546 1580; x_wconf 88' lang='lat' dir='ltr'>solito,</span> <span class='ocrx_word' id='word_1_250' title='bbox 987 1539 1104 1574; x_wconf 85' lang='lat' dir='ltr'>fluctus</span> <span class='ocrx_word' id='word_1_251' title='bbox 1131 1545 1339 1585; x_wconf 78' lang='lat' dir='ltr'>exsuperant,</span> 
     </span>
     <span class='ocr_line' id='line_1_30' title="bbox 337 1586 1385 1628; baseline 0.004 -9"><span class='ocrx_word' id='word_1_252' title='bbox 337 1586 418 1619; x_wconf 82' lang='lat' dir='ltr'>Sunt</span> <span class='ocrx_word' id='word_1_253' title='bbox 435 1597 495 1628; x_wconf 90' lang='lat' dir='ltr'>pro</span> <span class='ocrx_word' id='word_1_254' title='bbox 514 1589 611 1621; x_wconf 87' lang='lat' dir='ltr'>remis</span> <span class='ocrx_word' id='word_1_255' title='bbox 625 1589 769 1623; x_wconf 78' lang='lat' dir='ltr'>brachia.</span> <span class='ocrx_word' id='word_1_256' title='bbox 1038 1591 1136 1623; x_wconf 78' lang='lat' dir='ltr'>Felix</span> <span class='ocrx_word' id='word_1_257' title='bbox 1162 1594 1213 1622; x_wconf 85' lang='lat' dir='ltr'>est</span> <span class='ocrx_word' id='word_1_258' title='bbox 1236 1590 1385 1625; x_wconf 80' lang='lat' dir='ltr'>audacia.</span> 
     </span>
     <span class='ocr_line' id='line_1_31' title="bbox 155 1654 1259 1699; baseline 0.003 -12"><span class='ocrx_word' id='word_1_259' title='bbox 155 1655 216 1687; x_wconf 69' lang='grc' dir='ltr'>δα.</span> <span class='ocrx_word' id='word_1_260' title='bbox 243 1654 268 1688; x_wconf 95' lang='lat' dir='ltr'>O</span> <span class='ocrx_word' id='word_1_261' title='bbox 295 1663 389 1695; x_wconf 82' lang='lat' dir='ltr'>quam</span> <span class='ocrx_word' id='word_1_262' title='bbox 415 1655 530 1688; x_wconf 86' lang='lat' dir='ltr'>durum</span> <span class='ocrx_word' id='word_1_263' title='bbox 856 1658 918 1691; x_wconf 84' lang='lat' dir='ltr'>6b.</span> <span class='ocrx_word' id='word_1_264' title='bbox 940 1657 1107 1698; x_wconf 78' lang='lat' dir='ltr'>spernunt</span> <span class='ocrx_word' id='word_1_265' title='bbox 1130 1667 1259 1699; x_wconf 79' lang='lat' dir='ltr'>procos,</span> 
     </span>
     <span class='ocr_line' id='line_1_32' title="bbox 237 1703 1196 1747; baseline 0.003 -11"><span class='ocrx_word' id='word_1_266' title='bbox 237 1703 360 1736; x_wconf 86' lang='lat' dir='ltr'>Parant</span> <span class='ocrx_word' id='word_1_267' title='bbox 385 1712 511 1736; x_wconf 88' lang='lat' dir='ltr'>murum</span> <span class='ocrx_word' id='word_1_268' title='bbox 941 1705 1082 1746; x_wconf 81' lang='lat' dir='ltr'>Quorum</span> <span class='ocrx_word' id='word_1_269' title='bbox 1105 1707 1196 1747; x_wconf 83' lang='lat' dir='ltr'>jocos</span> 
     </span>
     <span class='ocr_line' id='line_1_33' title="bbox 286 1751 1357 1794; baseline 0.007 -12"><span class='ocrx_word' id='word_1_270' title='bbox 286 1751 461 1794; x_wconf 72' lang='lat' dir='ltr'>&#39;virginum</span> <span class='ocrx_word' id='word_1_271' title='bbox 486 1752 636 1794; x_wconf 84' lang='lat' dir='ltr'>suspiria,</span> <span class='ocrx_word' id='word_1_272' title='bbox 989 1754 1121 1788; x_wconf 76' lang='lat' dir='ltr'>Pellunt</span> <span class='ocrx_word' id='word_1_273' title='bbox 1146 1757 1178 1788; x_wconf 87' lang='lat' dir='ltr'>et</span> <span class='ocrx_word' id='word_1_274' title='bbox 1202 1755 1357 1790; x_wconf 77' lang='lat' dir='ltr'>ludibria.</span> 
     </span>
     <span class='ocr_line' id='line_1_34' title="bbox 157 1818 1184 1861; baseline 0.004 -11"><span class='ocrx_word' id='word_1_275' title='bbox 157 1818 212 1850; x_wconf 81' lang='lat' dir='ltr'>7a.</span> <span class='ocrx_word' id='word_1_276' title='bbox 241 1818 329 1858; x_wconf 79' lang='lat' dir='ltr'>Quae</span> <span class='ocrx_word' id='word_1_277' title='bbox 356 1818 430 1851; x_wconf 91' lang='lat' dir='ltr'>dum</span> <span class='ocrx_word' id='word_1_278' title='bbox 455 1822 583 1861; x_wconf 79' lang='lat' dir='ltr'>gentem</span> <span class='ocrx_word' id='word_1_279' title='bbox 857 1821 918 1855; x_wconf 83' lang='lat' dir='ltr'>7b.</span> <span class='ocrx_word' id='word_1_280' title='bbox 942 1822 1184 1856; x_wconf 87' lang='lat' dir='ltr'>Commendatis</span> 
     </span>
     <span class='ocr_line' id='line_1_35' title="bbox 287 1865 1274 1911; baseline 0.007 -13"><span class='ocrx_word' id='word_1_281' title='bbox 287 1865 458 1907; x_wconf 78' lang='lat' dir='ltr'>profanam</span> <span class='ocrx_word' id='word_1_282' title='bbox 484 1866 621 1911; x_wconf 79' lang='lat' dir='ltr'>fugiunt,</span> <span class='ocrx_word' id='word_1_283' title='bbox 986 1870 1111 1904; x_wconf 85' lang='lat' dir='ltr'>ibidem</span> <span class='ocrx_word' id='word_1_284' title='bbox 1136 1871 1274 1905; x_wconf 83' lang='lat' dir='ltr'>navibus</span> 
     </span>
     <span class='ocr_line' id='line_1_36' title="bbox 239 1914 1241 1954; baseline 0.006 -8"><span class='ocrx_word' id='word_1_285' title='bbox 239 1914 400 1947; x_wconf 79' lang='lat' dir='ltr'>Basileam</span> <span class='ocrx_word' id='word_1_286' title='bbox 938 1919 1077 1953; x_wconf 86' lang='lat' dir='ltr'>Romam</span> <span class='ocrx_word' id='word_1_287' title='bbox 1101 1920 1241 1954; x_wconf 79' lang='lat' dir='ltr'>tendunt</span> 
     </span>
     <span class='ocr_line' id='line_1_37' title="bbox 291 1964 1309 2010; baseline 0.007 -15"><span class='ocrx_word' id='word_1_288' title='bbox 291 1964 419 1996; x_wconf 78' lang='lat' dir='ltr'>tandem</span> <span class='ocrx_word' id='word_1_289' title='bbox 446 1965 639 2005; x_wconf 82' lang='lat' dir='ltr'>perveniunt</span> <span class='ocrx_word' id='word_1_290' title='bbox 990 1966 1119 2001; x_wconf 86' lang='lat' dir='ltr'>festinis</span> <span class='ocrx_word' id='word_1_291' title='bbox 1145 1969 1309 2010; x_wconf 83' lang='lat' dir='ltr'>gressibus</span> 
     </span>
     <span class='ocr_line' id='line_1_38' title="bbox 337 2011 1365 2058; baseline 0.008 -15"><span class='ocrx_word' id='word_1_292' title='bbox 337 2011 513 2054; x_wconf 82' lang='lat' dir='ltr'>Susceptae</span> <span class='ocrx_word' id='word_1_293' title='bbox 540 2022 611 2046; x_wconf 83' lang='lat' dir='ltr'>eum</span> <span class='ocrx_word' id='word_1_294' title='bbox 636 2015 751 2056; x_wconf 82' lang='lat' dir='ltr'>gratia.</span> <span class='ocrx_word' id='word_1_295' title='bbox 1037 2016 1130 2049; x_wconf 81' lang='lat' dir='ltr'>Duce</span> <span class='ocrx_word' id='word_1_296' title='bbox 1154 2018 1365 2058; x_wconf 82' lang='lat' dir='ltr'>poenitentia.</span> 
     </span>
     <span class='ocr_line' id='line_1_39' title="bbox 158 2078 1106 2121; baseline 0.006 -10"><span class='ocrx_word' id='word_1_297' title='bbox 158 2078 217 2111; x_wconf 70' lang='lat' dir='ltr'>Sa.</span> <span class='ocrx_word' id='word_1_298' title='bbox 242 2078 332 2118; x_wconf 79' lang='lat' dir='ltr'>Quae</span> <span class='ocrx_word' id='word_1_299' title='bbox 355 2080 513 2121; x_wconf 77' lang='lat' dir='ltr'>probitas,</span> <span class='ocrx_word' id='word_1_300' title='bbox 855 2082 918 2116; x_wconf 78' lang='lat' dir='ltr'>Sb.</span> <span class='ocrx_word' id='word_1_301' title='bbox 939 2083 1106 2116; x_wconf 86' lang='lat' dir='ltr'>Divinitus</span> 
     </span>
     <span class='ocr_line' id='line_1_40' title="bbox 240 2126 1133 2171; baseline 0.008 -13"><span class='ocrx_word' id='word_1_302' title='bbox 240 2126 327 2166; x_wconf 74' lang='lat' dir='ltr'>Quae</span> <span class='ocrx_word' id='word_1_303' title='bbox 353 2128 503 2171; x_wconf 81' lang='lat' dir='ltr'>dignitas,</span> <span class='ocrx_word' id='word_1_304' title='bbox 938 2132 1002 2165; x_wconf 87' lang='lat' dir='ltr'>Est</span> <span class='ocrx_word' id='word_1_305' title='bbox 1026 2133 1133 2165; x_wconf 88' lang='lat' dir='ltr'>editus</span> 
     </span>
     <span class='ocr_line' id='line_1_41' title="bbox 238 2174 1415 2222; baseline 0.009 -16"><span class='ocrx_word' id='word_1_306' title='bbox 238 2174 304 2207; x_wconf 89' lang='lat' dir='ltr'>Ubi</span> <span class='ocrx_word' id='word_1_307' title='bbox 332 2177 436 2209; x_wconf 80' lang='lat' dir='ltr'>earnis</span> <span class='ocrx_word' id='word_1_308' title='bbox 461 2178 631 2218; x_wconf 82' lang='lat' dir='ltr'>integritas</span> <span class='ocrx_word' id='word_1_309' title='bbox 939 2181 1040 2222; x_wconf 80' lang='lat' dir='ltr'>Virgo</span> <span class='ocrx_word' id='word_1_310' title='bbox 1065 2181 1121 2214; x_wconf 86' lang='lat' dir='ltr'>hie</span> <span class='ocrx_word' id='word_1_311' title='bbox 1141 2191 1208 2215; x_wconf 90' lang='lat' dir='ltr'>non</span> <span class='ocrx_word' id='word_1_312' title='bbox 1229 2183 1415 2217; x_wconf 78' lang='lat' dir='ltr'>humanitus</span> 
     </span>
     <span class='ocr_line' id='line_1_42' title="bbox 285 2223 1372 2270; baseline 0.01 -15"><span class='ocrx_word' id='word_1_313' title='bbox 285 2223 341 2255; x_wconf 85' lang='lat' dir='ltr'>Ad</span> <span class='ocrx_word' id='word_1_314' title='bbox 368 2225 453 2257; x_wconf 87' lang='lat' dir='ltr'>vitae</span> <span class='ocrx_word' id='word_1_315' title='bbox 479 2226 578 2258; x_wconf 71' lang='lat' dir='ltr'>eunit</span> <span class='ocrx_word' id='word_1_316' title='bbox 604 2227 732 2270; x_wconf 80' lang='lat' dir='ltr'>gaudia,</span> <span class='ocrx_word' id='word_1_317' title='bbox 989 2229 1104 2263; x_wconf 82' lang='lat' dir='ltr'>Mente</span> <span class='ocrx_word' id='word_1_318' title='bbox 1127 2231 1205 2264; x_wconf 90' lang='lat' dir='ltr'>boni</span> <span class='ocrx_word' id='word_1_319' title='bbox 1231 2234 1372 2266; x_wconf 81' lang='lat' dir='ltr'>conscia.</span> 
     </span>
     <span class='ocr_line' id='line_1_43' title="bbox 157 2290 1482 2336; baseline 0.011 -15"><span class='ocrx_word' id='word_1_320' title='bbox 157 2290 214 2322; x_wconf 85' lang='lat' dir='ltr'>9a.</span> <span class='ocrx_word' id='word_1_321' title='bbox 240 2290 353 2323; x_wconf 85' lang='lat' dir='ltr'>Mente</span> <span class='ocrx_word' id='word_1_322' title='bbox 379 2301 475 2326; x_wconf 81' lang='lat' dir='ltr'>carne</span> <span class='ocrx_word' id='word_1_323' title='bbox 499 2296 566 2325; x_wconf 82' lang='lat' dir='ltr'>tam</span> <span class='ocrx_word' id='word_1_324' title='bbox 591 2295 733 2327; x_wconf 85' lang='lat' dir='ltr'>sinceres</span> <span class='ocrx_word' id='word_1_325' title='bbox 857 2294 917 2329; x_wconf 86' lang='lat' dir='ltr'>9b.</span> <span class='ocrx_word' id='word_1_326' title='bbox 939 2296 1029 2336; x_wconf 83' lang='lat' dir='ltr'>Quae</span> <span class='ocrx_word' id='word_1_327' title='bbox 1051 2307 1116 2331; x_wconf 88' lang='lat' dir='ltr'>non</span> <span class='ocrx_word' id='word_1_328' title='bbox 1134 2301 1262 2333; x_wconf 79' lang='lat' dir='ltr'>mutant</span> <span class='ocrx_word' id='word_1_329' title='bbox 1282 2301 1482 2335; x_wconf 83' lang='lat' dir='ltr'>discorditer</span> 
     </span>
     <span class='ocr_line' id='line_1_44' title="bbox 238 2338 1456 2383; baseline 0.01 -12"><span class='ocrx_word' id='word_1_330' title='bbox 238 2338 442 2373; x_wconf 85' lang='lat' dir='ltr'>Judicandae</span> <span class='ocrx_word' id='word_1_331' title='bbox 471 2344 546 2374; x_wconf 87' lang='lat' dir='ltr'>sunt</span> <span class='ocrx_word' id='word_1_332' title='bbox 569 2352 722 2383; x_wconf 87' lang='lat' dir='ltr'>proceres</span> <span class='ocrx_word' id='word_1_333' title='bbox 942 2345 1014 2378; x_wconf 80' lang='lat' dir='ltr'>Nec.</span> <span class='ocrx_word' id='word_1_334' title='bbox 1038 2351 1237 2381; x_wconf 78' lang='lat' dir='ltr'>commutant</span> <span class='ocrx_word' id='word_1_335' title='bbox 1263 2348 1456 2383; x_wconf 86' lang='lat' dir='ltr'>deformiter</span> 
     </span>
    </p>
   </div>
   <div class='ocr_carea' id='block_1_7' title="bbox 289 2389 1310 2435">
    <p class='ocr_par' dir='ltr' id='par_1_7' title="bbox 289 2389 1310 2435">
     <span class='ocr_line' id='line_1_45' title="bbox 289 2389 1310 2435; baseline 0.009 -14"><span class='ocrx_word' id='word_1_336' title='bbox 289 2389 352 2421; x_wconf 87' lang='lat' dir='ltr'>Pro</span> <span class='ocrx_word' id='word_1_337' title='bbox 369 2389 526 2422; x_wconf 85' lang='lat' dir='ltr'>virtutum</span> <span class='ocrx_word' id='word_1_338' title='bbox 549 2391 651 2435; x_wconf 82' lang='lat' dir='ltr'>eopia,</span> <span class='ocrx_word' id='word_1_339' title='bbox 990 2394 1205 2428; x_wconf 83' lang='lat' dir='ltr'>Therebintbi</span> <span class='ocrx_word' id='word_1_340' title='bbox 1230 2396 1310 2430; x_wconf 79' lang='lat' dir='ltr'>lilia.</span> 
     </span>
    </p>
   </div>
  </div>
 </body>
</html>
