1652 2678
735 124 1000 159 -236—

627 219 690 251 312.
731 218 775 249 Dc
797 216 907 248 sancto
927 213 1110 246 Laurentio.

779 275 817 304 In
836 274 957 304 Octava.

225 341 281 374 la.
924 332 984 366 lb.
1009 331 1137 365 Gaudet
1163 330 1274 363 nutrix
1298 329 1468 368 Hibernia,

224 495 282 527 2a.

224 646 282 678 Sa.

227 800 283 833 4a.

224 955 282 988 5a.

222 1108 278 1141 Ga.

225 1264 282 1295 7a.

223 1463 280 1496 Sa.

224 1617 280 1651 9a.

200 1771 278 1805 lOa.

199 1926 279 1960 1111.

309 341 413 373 Laeta
440 339 508 372 dies
533 339 703 377 hodierna,

309 388 379 427 Qua
403 388 545 419 laetatur
569 387 605 417 in
629 392 770 425 superna

357 433 531 468 Confessor
557 432 724 474 egregius3

309 492 406 524 Felix
430 491 527 523 tellus
553 489 741 528 occidentis,

307 540 409 579 Quam
434 538 560 570 roraxit
583 536 717 570 orientis

378 586 446 618 Ros
474 587 513 619 de
540 586 629 618 coelo
654 584 797 625 venienS,

923 485 972 518 2b

309 644 433 684 Regum
458 646 553 676 natus
576 643 744 683 parentela

309 691 442 725 Meliori
467 692 526 724 sub
554 691 679 724 cautela

359 739 469 772 Genus
495 750 588 773 suum
615 738 740 779 extulit,

310 799 398 832 Puer
423 807 541 831 vacans
569 797 750 838 disciplinis

307 847 408 879 Totus
435 851 506 879 erat
529 847 564 878 in
592 845 710 879 divinis

348 895 395 927 Et
416 894 479 927 Dei
505 895 649 937 servitio,

308 952 435 985 Laurus
462 953 571 985 virens
596 961 661 984 non
687 951 826 984 tabescit

306 1001 353 1034 Et
376 1000 495 1041 pruina
518 1010 584 1034 non
609 1001 783 1033 marcescit

356 1049 455 1082 Viror
478 1050 531 1082 uri
553 1049 692 1089 nescius,

306 1107 371 1139 Hic
395 1106 526 1147 expleta
546 1107 717 1147 juventute

308 1155 368 1188 Vir
394 1159 526 1188 vocatus
552 1165 572 1187 a
595 1155 716 1188 w'rtute

358 1202 447 1235 Tulit
469 1204 581 1244 jugum
601 1203 752 1243 Domini3

309 1261 398 1300 Pius
424 1261 579 1303 prudens,
605 1261 765 1301 literatus,

311 1308 433 1341 Christi
455 1308 567 1350 jugum
594 1309 807 1352 amplexatus,

307 1356 362 1389 Ad
388 1356 543 1389 honorem
569 1357 775 1397 praesulatus

355 1406 386 1436 A
412 1405 535 1437 011110115
562 1405 703 1446 eligitur.

307 1462 359 1494 Ne
383 1462 501 1495 lateret
525 1463 584 1495 sub
609 1472 763 1498 mensura

309 1510 420 1543 Caecis
443 1510 552 1543 lumen
577 1511 749 1545 redditura

355 1558 428 1591 Lux
455 1560 616 1600 exstingui
638 1560 760 1602 nescia,

308 1616 394 1649 Nam
419 1625 479 1657 per
505 1618 573 1658 eJ‘us
598 1618 803 1651 sanctitatem

305 1664 371 1698 Dat
395 1663 533 1698 infirmis
559 1666 732 1698 sanitatem

354 1713 417 1746 Dei
441 1714 617 1755 miseratio,

309 1771 420 1804 Caecis
446 1773 534 1805 visus
559 1771 767 1814 reformatur,

309 1819 442 1853 Claudis
466 1829 596 1862 gressus
622 1825 804 1863 reparatur,

353 1868 523 1910 Fugantur
550 1869 739 1911 daemonia3

306 1927 442 1959 Praesul
469 1927 592 1960 Christi
617 1929 813 1969 venerande,

305 1975 402 2006 Vitae
426 1975 520 2008 nobis
545 1976 631 2008 viam
656 1976 776 2018 pande,

305 2022 358 2055 Ne
374 2032 432 2055 nos
450 2026 578 2064 premat
590 2025 701 2065 jugum
715 2026 840 2065 grande

355 2071 470 2105 Carnis
494 2073 548 2104 vel
572 2073 732 2105 molestia.

923 1617 972 1651 9b

925 640 983 675 3b.

923 795 985 830 4b.

924 950 985 984 51).

923 1104 982 1139 6b.

925 1260 984 1294 7b.

922 1462 981 1497 8b.

898 1772 982 1807 1010.

899 1928 983 1963 1111.

1010 379 1076 413 Sed
1100 379 1262 420 Augensis
1289 379 1426 411 ecclesia

1054 427 1212 461 Laetatur
1236 426 1379 460 uberius.

975 512 984 520 .
1009 486 1062 519 Ex
1087 484 1218 518 fervore
1242 485 1374 525 pietatis

1005 534 1051 567 Et
1076 534 1210 566 humore
1235 533 1381 566 caritatis

1056 583 1117 616 Vir
1141 581 1303 623 processit
1327 582 1445 614 oriens.

1005 639 1092 673 Dum
1116 639 1243 681 pcccati
1269 643 1382 679 spreta
1404 640 1501 672 sorde

1010 688 1100 723 Coeli
1125 697 1235 730 regem
1259 690 1327 721 toto
1355 689 1453 721 corde

1057 738 1140 778 Regi
1165 741 1276 769 terrae
1300 737 1465 778 praetulit.

1005 795 1053 829 Et
1077 795 1163 836 quod
1191 795 1232 827 de
1249 795 1421 835 seripturis
1437 794 1535 836 audit,

1007 843 1125 877 Totum
1147 842 1267 883 firmat,
1294 845 1397 876 totum
1417 843 1537 875 claudit

1055 894 1095 926 In
1121 892 1229 924 cordis
1255 892 1407 926 armario.

1006 949 1061 983 Sic
1086 960 1106 983 a
1129 951 1222 982 lauro
1249 949 1425 985 derivatus,

1007 998 1093 1032 Fide
1117 997 1215 1031 firma
1238 998 1414 1032 laureatus,

1055 1046 1204 1079 Vocatur
1227 1045 1433 1080 Laurentius,

1007 1104 1145 1139 Carnem
1170 1103 1251 1137 foris
1276 1104 1472 1140 macerabat,

1005 1153 1116 1186 Motus
1141 1162 1261 1194 pravos
1285 1152 1494 1185 refraenabat

1055 1202 1148 1234 Nulli
1173 1210 1293 1234 vacans
1320 1201 1455 1234 crimini.

1007 1260 1082 1293 Tali
1104 1260 1248 1301 gaudens
1275 1260 1334 1292 sub
1360 1262 1499 1302 pastore,

1007 1308 1105 1341 Nunc
1129 1309 1258 1348 timore,
1284 1317 1371 1341 nunc
1394 1316 1503 1341 amore

1009 1357 1087 1391 Ovis
1111 1366 1224 1389 errans
1247 1356 1289 1388 ab
1317 1366 1428 1389 errore

1055 1406 1111 1439 Ad
1136 1414 1266 1447 gregem
1291 1406 1469 1438 reducitur.

1007 1462 1212 1496 Candelabro
1239 1462 1446 1500 sublimatur,

1006 1510 1101 1544 Dono
1128 1512 1218 1552 cujus
1242 1511 1429 1544 illustratur

1054 1560 1217 1601 Augensis
1244 1561 1392 1593 ecclesia.

976 1642 983 1650 .
1008 1617 1151 1659 Lepram
1175 1618 1273 1650 vestit
1299 1619 1422 1651 munda
1448 1618 1538 1659 011115,

1004 1666 1092 1701 Usus
1117 1666 1248 1707 linguae
1274 1666 1371 1699 datur
1396 1667 1492 1699 mutis

1053 1715 1220 1748 Praesulis
1246 1714 1409 1757 suffragio.

1007 1772 1172 1806 Redditur
1197 1773 1267 1805 vita
1294 1773 1467 1813 defunctis,

1008 1822 1125 1863 Aegris
1152 1822 1241 1854 salus
1269 1822 1366 1856 datur
1392 1822 1518 1855 cunctis

1056 1871 1095 1903 ln
1119 1869 1187 1903 fide
1211 1879 1277 1903 non
1304 1872 1410 1905 devia.

1009 1929 1071 1969 Qui
1087 1929 1282 1969 tranquillas
1299 1928 1417 1962 fluctus
1430 1929 1538 1972 maris,

1007 1977 1210 2018 Navigantes
1237 1979 1416 2011 consolaris

1008 2025 1080 2058 Tua
1104 2026 1198 2058 nobis
1223 2026 1258 2058 in
1283 2028 1403 2060 amaris

1056 2074 1131 2107 Sint
1153 2077 1286 2115 praesto
1313 2076 1475 2118 suffragia.

277 2137 365 2165 Grad.
393 2146 448 2165 ms.
470 2138 610 2175 Aug-ense
633 2146 711 2166 saec.
739 2138 784 2167 15.
807 2140 879 2168 Cod.
902 2140 1116 2177 Rotomagens.
1137 2139 1205 2170 250.
1230 2158 1270 2162 —
1298 2141 1369 2178 lob,
1392 2141 1410 2172 3
1429 2143 1468 2171 In
1486 2142 1542 2170 fide

198 2176 239 2203 sit
261 2175 350 2203 devia
369 2176 424 2203 Hs.
446 2190 484 2196 ——
510 2175 579 2210 lla,
600 2175 620 2205 4
642 2177 748 2206 Carnis
768 2179 836 2207 vult
854 2179 995 2207 molestia
1016 2180 1074 2208 Hs.

202 2330 258 2363 la.
285 2329 490 2370 Triumphali
514 2331 628 2372 gloria,

281 2378 388 2410 Felici
414 2379 587 2412 concordia

285 2424 404 2457 Lazari
429 2428 605 2465 praeconia

652 2269 715 2300 313.
756 2271 801 2302 De
822 2273 932 2304 sancto
953 2273 1089 2306 Lazaro.

898 2333 959 2368 lb.

336 2472 432 2505 Casta
455 2475 565 2515 proles
590 2475 727 2515 insonet,

982 2334 1056 2368 Lux
1079 2336 1178 2376 lucet,
1207 2345 1271 2376 qua
1296 2338 1394 2372 obvia

983 2382 1142 2416 Coelestis
1167 2383 1286 2416 militia

983 2431 1040 2464 Ad
1064 2432 1153 2465 laeta
1178 2432 1329 2467 convivia

1032 2479 1128 2511 Hunc
1154 2480 1320 2514 concivem
1346 2485 1511 2520 admouet.
