<?xml version="1.0" encoding="UTF-8"?>
<!DOCTYPE html PUBLIC "-//W3C//DTD XHTML 1.0 Transitional//EN"
    "http://www.w3.org/TR/xhtml1/DTD/xhtml1-transitional.dtd">
<html xmlns="http://www.w3.org/1999/xhtml" xml:lang="en" lang="en">
 <head>
  <title>
</title>
<meta http-equiv="Content-Type" content="text/html;charset=utf-8" />
  <meta name='ocr-system' content='tesseract 3.04.00' />
  <meta name='ocr-capabilities' content='ocr_page ocr_carea ocr_par ocr_line ocrx_word'/>
</head>
<body>
  <div class='ocr_page' id='page_1' title='image "./analectahymnica10drevuoft_00281.png"; bbox 0 0 1652 2678; ppageno 0'>
   <div class='ocr_carea' id='block_1_1' title="bbox 655 109 920 144">
    <p class='ocr_par' dir='ltr' id='par_1_1' title="bbox 655 109 920 144">
     <span class='ocr_line' id='line_1_1' title="bbox 655 109 920 144; baseline 0 0"><span class='ocrx_word' id='word_1_1' title='bbox 655 109 823 144; x_wconf 82' lang='lat'>—278</span> <span class='ocrx_word' id='word_1_2' title='bbox 876 129 920 135; x_wconf 84' lang='lat'>——</span> 
     </span>
    </p>
   </div>
   <div class='ocr_carea' id='block_1_2' title="bbox 126 203 1464 510">
    <p class='ocr_par' dir='ltr' id='par_1_2' title="bbox 126 203 1464 510">
     <span class='ocr_line' id='line_1_2' title="bbox 126 203 1431 247; baseline -0.007 -3"><span class='ocrx_word' id='word_1_3' title='bbox 126 211 185 245; x_wconf 73' lang='lat' dir='ltr'>Sa.</span> <span class='ocrx_word' id='word_1_4' title='bbox 211 210 238 243; x_wconf 88' lang='lat' dir='ltr'>O</span> <span class='ocrx_word' id='word_1_5' title='bbox 264 210 400 243; x_wconf 72' lang='lat' dir='ltr'>Nicolae</span> <span class='ocrx_word' id='word_1_6' title='bbox 424 208 601 247; x_wconf 75' lang='lat' dir='ltr'>confessor,</span> <span class='ocrx_word' id='word_1_7' title='bbox 819 206 880 241; x_wconf 77' lang='lat' dir='ltr'>ssb.</span> <span class='ocrx_word' id='word_1_8' title='bbox 902 205 951 238; x_wconf 85' lang='lat' dir='ltr'>Ut</span> <span class='ocrx_word' id='word_1_9' title='bbox 972 205 1028 245; x_wconf 85' lang='lat' dir='ltr'>qui</span> <span class='ocrx_word' id='word_1_10' title='bbox 1053 203 1154 245; x_wconf 81' lang='lat' dir='ltr'>gregi,</span> <span class='ocrx_word' id='word_1_11' title='bbox 1178 212 1273 244; x_wconf 83' lang='lat' dir='ltr'>quem</span> <span class='ocrx_word' id='word_1_12' title='bbox 1299 203 1431 246; x_wconf 66' lang='lat' dir='ltr'>ditexit,</span> 
     </span>
     <span class='ocr_line' id='line_1_3' title="bbox 212 252 1414 299; baseline -0.006 -8"><span class='ocrx_word' id='word_1_13' title='bbox 212 258 263 291; x_wconf 84' lang='lat' dir='ltr'>Sis</span> <span class='ocrx_word' id='word_1_14' title='bbox 288 266 349 299; x_wconf 87' lang='lat' dir='ltr'>pro</span> <span class='ocrx_word' id='word_1_15' title='bbox 374 257 468 290; x_wconf 89' lang='lat' dir='ltr'>nobis</span> <span class='ocrx_word' id='word_1_16' title='bbox 493 258 689 289; x_wconf 82' lang='lat' dir='ltr'>intercessor</span> <span class='ocrx_word' id='word_1_17' title='bbox 904 254 1023 287; x_wconf 84' lang='lat' dir='ltr'>Pastor</span> <span class='ocrx_word' id='word_1_18' title='bbox 1048 252 1152 285; x_wconf 91' lang='lat' dir='ltr'>bonus</span> <span class='ocrx_word' id='word_1_19' title='bbox 1175 252 1244 292; x_wconf 83' lang='lat' dir='ltr'>jam</span> <span class='ocrx_word' id='word_1_20' title='bbox 1270 252 1414 285; x_wconf 83' lang='lat' dir='ltr'>surrexit</span> 
     </span>
     <span class='ocr_line' id='line_1_4' title="bbox 256 300 1137 346; baseline -0.007 -8"><span class='ocrx_word' id='word_1_21' title='bbox 256 305 356 346; x_wconf 90' lang='lat' dir='ltr'><strong>Apud</strong></span> <span class='ocrx_word' id='word_1_22' title='bbox 381 314 488 346; x_wconf 87' lang='lat' dir='ltr'>regem</span> <span class='ocrx_word' id='word_1_23' title='bbox 954 300 1037 334; x_wconf 86' lang='lat' dir='ltr'>Oves</span> <span class='ocrx_word' id='word_1_24' title='bbox 1063 309 1137 333; x_wconf 85' lang='lat' dir='ltr'>suas</span> 
     </span>
     <span class='ocr_line' id='line_1_5' title="bbox 256 349 1161 393; baseline -0.007 -7"><span class='ocrx_word' id='word_1_25' title='bbox 256 354 360 386; x_wconf 88' lang='lat' dir='ltr'>Tuum</span> <span class='ocrx_word' id='word_1_26' title='bbox 385 362 515 393; x_wconf 83' lang='lat' dir='ltr'>gregem</span> <span class='ocrx_word' id='word_1_27' title='bbox 953 349 1063 390; x_wconf 80' lang='lat' dir='ltr'>Atque</span> <span class='ocrx_word' id='word_1_28' title='bbox 1088 351 1161 380; x_wconf 84' lang='lat' dir='ltr'>tuas</span> 
     </span>
     <span class='ocr_line' id='line_1_6' title="bbox 307 396 1381 434; baseline -0.002 -1"><span class='ocrx_word' id='word_1_29' title='bbox 307 401 489 434; x_wconf 74' lang='lat' dir='ltr'>Clementer</span> <span class='ocrx_word' id='word_1_30' title='bbox 515 398 663 431; x_wconf 81' lang='lat' dir='ltr'>concilia.</span> <span class='ocrx_word' id='word_1_31' title='bbox 1002 396 1145 430; x_wconf 80' lang='lat' dir='ltr'>Mundet</span> <span class='ocrx_word' id='word_1_32' title='bbox 1169 396 1248 430; x_wconf 83' lang='lat' dir='ltr'>data</span> <span class='ocrx_word' id='word_1_33' title='bbox 1271 397 1381 431; x_wconf 73' lang='lat' dir='ltr'>venia..</span> 
     </span>
     <span class='ocr_line' id='line_1_7' title="bbox 202 470 1464 510; baseline -0.002 -6"><span class='ocrx_word' id='word_1_34' title='bbox 202 477 285 505; x_wconf 89' lang='lat' dir='ltr'>Miss.</span> <span class='ocrx_word' id='word_1_35' title='bbox 312 475 500 504; x_wconf 75' lang='lat' dir='ltr'>virdunense</span> <span class='ocrx_word' id='word_1_36' title='bbox 530 474 600 509; x_wconf 89' lang='lat' dir='ltr'>imp.</span> <span class='ocrx_word' id='word_1_37' title='bbox 628 473 755 501; x_wconf 85' lang='lat' dir='ltr'>Parisiis</span> <span class='ocrx_word' id='word_1_38' title='bbox 786 470 870 501; x_wconf 84' lang='lat'>1554.</span> <span class='ocrx_word' id='word_1_39' title='bbox 900 486 938 492; x_wconf 83' lang='lat'>-—</span> <span class='ocrx_word' id='word_1_40' title='bbox 965 472 1036 500; x_wconf 87' lang='lat' dir='ltr'>Mel.</span> <span class='ocrx_word' id='word_1_41' title='bbox 1068 471 1214 501; x_wconf 87' lang='lat' dir='ltr'>offenbar:</span> <span class='ocrx_word' id='word_1_42' title='bbox 1248 471 1340 501; x_wconf 86' lang='lat' dir='ltr'>Mane</span> <span class='ocrx_word' id='word_1_43' title='bbox 1366 474 1464 510; x_wconf 77' lang='lat' dir='ltr'>prima</span> 
     </span>
    </p>
   </div>
   <div class='ocr_carea' id='block_1_3' title="bbox 127 509 872 548">
    <p class='ocr_par' dir='ltr' id='par_1_3' title="bbox 127 509 872 548">
     <span class='ocr_line' id='line_1_8' title="bbox 127 509 872 548; baseline -0.007 -5"><span class='ocrx_word' id='word_1_44' title='bbox 127 515 262 544; x_wconf 77' lang='lat' dir='ltr'>sabbati.</span> <span class='ocrx_word' id='word_1_45' title='bbox 282 531 320 535; x_wconf 95' lang='lat'><strong>—</strong></span> <span class='ocrx_word' id='word_1_46' title='bbox 342 512 391 548; x_wconf 84' lang='lat' dir='ltr'>5a,</span> <span class='ocrx_word' id='word_1_47' title='bbox 414 510 431 541; x_wconf 85' lang='lat'><strong>3</strong></span> <span class='ocrx_word' id='word_1_48' title='bbox 451 513 569 541; x_wconf 84' lang='lat' dir='ltr'>Fracto.</span> <span class='ocrx_word' id='word_1_49' title='bbox 591 526 630 530; x_wconf 96' lang='lat'><strong>—</strong></span> <span class='ocrx_word' id='word_1_50' title='bbox 651 510 705 546; x_wconf 76' lang='grc'>51),</span> <span class='ocrx_word' id='word_1_51' title='bbox 725 509 746 539; x_wconf 91' lang='lat'>4</span> <span class='ocrx_word' id='word_1_52' title='bbox 768 513 872 539; x_wconf 85' lang='lat' dir='ltr'>caruit.</span> 
     </span>
    </p>
   </div>
   <div class='ocr_carea' id='block_1_4' title="bbox 569 652 1008 686">
    <p class='ocr_par' dir='ltr' id='par_1_4' title="bbox 569 652 1008 686">
     <span class='ocr_line' id='line_1_9' title="bbox 569 652 1008 686; baseline -0.002 -1"><span class='ocrx_word' id='word_1_53' title='bbox 569 653 636 685; x_wconf 80' lang='lat'>368.</span> <span class='ocrx_word' id='word_1_54' title='bbox 675 652 721 686; x_wconf 86' lang='lat' dir='ltr'>De</span> <span class='ocrx_word' id='word_1_55' title='bbox 741 653 850 685; x_wconf 78' lang='lat' dir='ltr'>sancto</span> <span class='ocrx_word' id='word_1_56' title='bbox 870 652 1008 685; x_wconf 87' lang='lat' dir='ltr'>Nicolao.</span> 
     </span>
    </p>
   </div>
   <div class='ocr_carea' id='block_1_5' title="bbox 127 732 1415 1277">
    <p class='ocr_par' dir='ltr' id='par_1_5' title="bbox 127 732 1415 1277">
     <span class='ocr_line' id='line_1_10' title="bbox 127 732 1407 777; baseline 0 -10"><span class='ocrx_word' id='word_1_57' title='bbox 127 736 182 769; x_wconf 83' lang='lat' dir='ltr'>la.</span> <span class='ocrx_word' id='word_1_58' title='bbox 209 735 330 776; x_wconf 85' lang='lat' dir='ltr'>Magne</span> <span class='ocrx_word' id='word_1_59' title='bbox 353 734 442 767; x_wconf 88' lang='lat' dir='ltr'>Deus</span> <span class='ocrx_word' id='word_1_60' title='bbox 467 735 609 777; x_wconf 88' lang='lat' dir='ltr'>Adonai,</span> <span class='ocrx_word' id='word_1_61' title='bbox 822 734 882 770; x_wconf 87' lang='lat' dir='ltr'>lb.</span> <span class='ocrx_word' id='word_1_62' title='bbox 904 734 944 768; x_wconf 89' lang='lat' dir='ltr'>In</span> <span class='ocrx_word' id='word_1_63' title='bbox 969 734 1031 767; x_wconf 91' lang='lat' dir='ltr'>hoc</span> <span class='ocrx_word' id='word_1_64' title='bbox 1054 734 1174 767; x_wconf 87' lang='lat' dir='ltr'>mundo</span> <span class='ocrx_word' id='word_1_65' title='bbox 1201 732 1407 776; x_wconf 76' lang='lat' dir='ltr'>fluctuamus,</span> 
     </span>
     <span class='ocr_line' id='line_1_11' title="bbox 212 781 1386 823; baseline -0.001 -8"><span class='ocrx_word' id='word_1_66' title='bbox 212 783 282 815; x_wconf 80' lang='lat' dir='ltr'>Nos</span> <span class='ocrx_word' id='word_1_67' title='bbox 306 785 344 815; x_wconf 83' lang='grc'>111</span> <span class='ocrx_word' id='word_1_68' title='bbox 366 786 482 815; x_wconf 82' lang='lat' dir='ltr'>nautas</span> <span class='ocrx_word' id='word_1_69' title='bbox 506 782 635 816; x_wconf 77' lang='lat' dir='ltr'>Nicolai</span> <span class='ocrx_word' id='word_1_70' title='bbox 904 782 957 816; x_wconf 86' lang='lat' dir='ltr'>De</span> <span class='ocrx_word' id='word_1_71' title='bbox 981 781 1144 823; x_wconf 72' lang='lat' dir='ltr'>profundo</span> <span class='ocrx_word' id='word_1_72' title='bbox 1171 783 1386 823; x_wconf 70' lang='lat' dir='ltr'><strong>clamitamus,</strong></span> 
     </span>
     <span class='ocr_line' id='line_1_12' title="bbox 259 830 1341 873; baseline 0.001 -10"><span class='ocrx_word' id='word_1_73' title='bbox 259 831 333 864; x_wconf 88' lang='lat' dir='ltr'>Duc</span> <span class='ocrx_word' id='word_1_74' title='bbox 357 831 398 863; x_wconf 93' lang='lat' dir='ltr'>de</span> <span class='ocrx_word' id='word_1_75' title='bbox 421 831 532 864; x_wconf 88' lang='lat' dir='ltr'>mundi</span> <span class='ocrx_word' id='word_1_76' title='bbox 557 831 698 873; x_wconf 82' lang='lat' dir='ltr'>turbine,</span> <span class='ocrx_word' id='word_1_77' title='bbox 954 830 1022 863; x_wconf 84' lang='lat' dir='ltr'>Nos</span> <span class='ocrx_word' id='word_1_78' title='bbox 1049 830 1167 863; x_wconf 83' lang='lat' dir='ltr'>exaudi</span> <span class='ocrx_word' id='word_1_79' title='bbox 1191 830 1341 864; x_wconf 87' lang='lat' dir='ltr'>Domine.</span> 
     </span>
     <span class='ocr_line' id='line_1_13' title="bbox 129 887 1113 924; baseline -0.003 -1"><span class='ocrx_word' id='word_1_80' title='bbox 129 892 186 924; x_wconf 83' lang='lat' dir='ltr'>2a.</span> <span class='ocrx_word' id='word_1_81' title='bbox 213 889 252 922; x_wconf 83' lang='lat'>111</span> <span class='ocrx_word' id='word_1_82' title='bbox 277 889 339 922; x_wconf 85' lang='lat' dir='ltr'>hoc</span> <span class='ocrx_word' id='word_1_83' title='bbox 362 887 446 921; x_wconf 85' lang='lat' dir='ltr'>festo</span> <span class='ocrx_word' id='word_1_84' title='bbox 823 888 881 921; x_wconf 81' lang='lat'>210.</span> <span class='ocrx_word' id='word_1_85' title='bbox 906 888 953 922; x_wconf 86' lang='lat' dir='ltr'>Ut</span> <span class='ocrx_word' id='word_1_86' title='bbox 975 889 1113 921; x_wconf 80' lang='lat' dir='ltr'>mortale</span> 
     </span>
     <span class='ocr_line' id='line_1_14' title="bbox 259 936 1197 977; baseline -0.002 -7"><span class='ocrx_word' id='word_1_87' title='bbox 259 937 321 970; x_wconf 86' lang='lat' dir='ltr'>Tui</span> <span class='ocrx_word' id='word_1_88' title='bbox 347 937 507 977; x_wconf 84' lang='lat' dir='ltr'>praesulis</span> <span class='ocrx_word' id='word_1_89' title='bbox 954 936 1062 969; x_wconf 82' lang='lat' dir='ltr'>Pellas</span> <span class='ocrx_word' id='word_1_90' title='bbox 1087 936 1197 969; x_wconf 89' lang='lat' dir='ltr'>odium</span> 
     </span>
     <span class='ocr_line' id='line_1_15' title="bbox 209 983 1057 1018; baseline -0.001 -1"><span class='ocrx_word' id='word_1_91' title='bbox 209 985 307 1018; x_wconf 77' lang='lat' dir='ltr'>Nune</span> <span class='ocrx_word' id='word_1_92' title='bbox 331 985 444 1018; x_wconf 81' lang='lat' dir='ltr'>adesto</span> <span class='ocrx_word' id='word_1_93' title='bbox 906 983 1057 1017; x_wconf 74' lang='lat' dir='ltr'>Salutare</span> 
     </span>
     <span class='ocr_line' id='line_1_16' title="bbox 246 1031 1231 1073; baseline -0.002 -7"><span class='ocrx_word' id='word_1_94' title='bbox 246 1033 326 1066; x_wconf 88' lang='lat' dir='ltr'>Tuis</span> <span class='ocrx_word' id='word_1_95' title='bbox 351 1031 491 1073; x_wconf 84' lang='lat' dir='ltr'>famulis,</span> <span class='ocrx_word' id='word_1_96' title='bbox 958 1032 1092 1065; x_wconf 86' lang='lat' dir='ltr'>Stillans</span> <span class='ocrx_word' id='word_1_97' title='bbox 1116 1032 1231 1073; x_wconf 85' lang='lat' dir='ltr'>oleum,</span> 
     </span>
     <span class='ocr_line' id='line_1_17' title="bbox 212 1080 1193 1121; baseline -0.001 -7"><span class='ocrx_word' id='word_1_98' title='bbox 212 1081 305 1114; x_wconf 87' lang='lat' dir='ltr'>Salus</span> <span class='ocrx_word' id='word_1_99' title='bbox 330 1080 364 1113; x_wconf 85' lang='lat' dir='ltr'>in</span> <span class='ocrx_word' id='word_1_100' title='bbox 390 1081 545 1121; x_wconf 86' lang='lat' dir='ltr'>periculis</span> <span class='ocrx_word' id='word_1_101' title='bbox 904 1080 1017 1115; x_wconf 90' lang='lat' dir='ltr'>Oleum</span> <span class='ocrx_word' id='word_1_102' title='bbox 1038 1080 1193 1121; x_wconf 82' lang='lat' dir='ltr'>laetitiae,</span> 
     </span>
     <span class='ocr_line' id='line_1_18' title="bbox 211 1129 1233 1171; baseline 0.001 -9"><span class='ocrx_word' id='word_1_103' title='bbox 211 1129 255 1162; x_wconf 83' lang='lat' dir='ltr'>Et</span> <span class='ocrx_word' id='word_1_104' title='bbox 281 1129 406 1170; x_wconf 86' lang='lat' dir='ltr'>peccati</span> <span class='ocrx_word' id='word_1_105' title='bbox 434 1129 580 1162; x_wconf 79' lang='lat' dir='ltr'>vinculiS.</span> <span class='ocrx_word' id='word_1_106' title='bbox 906 1129 1076 1163; x_wconf 83' lang='lat' dir='ltr'>Medicina</span> <span class='ocrx_word' id='word_1_107' title='bbox 1100 1129 1233 1171; x_wconf 84' lang='lat' dir='ltr'>gratiae.</span> 
     </span>
     <span class='ocr_line' id='line_1_19' title="bbox 130 1186 1331 1226; baseline -0.001 -5"><span class='ocrx_word' id='word_1_108' title='bbox 130 1188 185 1221; x_wconf 81' lang='lat' dir='ltr'>3a.</span> <span class='ocrx_word' id='word_1_109' title='bbox 211 1187 310 1220; x_wconf 83' lang='lat' dir='ltr'>Unde</span> <span class='ocrx_word' id='word_1_110' title='bbox 333 1195 392 1220; x_wconf 88' lang='lat' dir='ltr'>nos</span> <span class='ocrx_word' id='word_1_111' title='bbox 420 1187 574 1219; x_wconf 76' lang='lat' dir='ltr'>divinitus</span> <span class='ocrx_word' id='word_1_112' title='bbox 825 1187 884 1223; x_wconf 79' lang='lat' dir='ltr'>3b.</span> <span class='ocrx_word' id='word_1_113' title='bbox 905 1186 1034 1221; x_wconf 81' lang='lat' dir='ltr'>Munda</span> <span class='ocrx_word' id='word_1_114' title='bbox 1060 1187 1167 1220; x_wconf 86' lang='lat' dir='ltr'>cordis</span> <span class='ocrx_word' id='word_1_115' title='bbox 1193 1188 1331 1226; x_wconf 84' lang='grc'>0011111111,</span> 
     </span>
     <span class='ocr_line' id='line_1_20' title="bbox 211 1234 1415 1277; baseline 0.002 -9"><span class='ocrx_word' id='word_1_116' title='bbox 211 1235 314 1277; x_wconf 86' lang='lat' dir='ltr'>Unge,</span> <span class='ocrx_word' id='word_1_117' title='bbox 342 1238 454 1266; x_wconf 87' lang='lat' dir='ltr'>sancte</span> <span class='ocrx_word' id='word_1_118' title='bbox 478 1234 622 1275; x_wconf 85' lang='lat' dir='ltr'>spiritus,</span> <span class='ocrx_word' id='word_1_119' title='bbox 907 1234 1043 1268; x_wconf 76' lang='lat' dir='ltr'>Salvans</span> <span class='ocrx_word' id='word_1_120' title='bbox 1070 1238 1219 1268; x_wconf 86' lang='lat' dir='ltr'>cunctum</span> <span class='ocrx_word' id='word_1_121' title='bbox 1244 1236 1415 1277; x_wconf 87' lang='lat' dir='ltr'>populum.</span> 
     </span>
    </p>
   </div>
   <div class='ocr_carea' id='block_1_6' title="bbox 515 1291 1093 1375">
    <p class='ocr_par' dir='ltr' id='par_1_6' title="bbox 515 1291 1093 1375">
     <span class='ocr_line' id='line_1_21' title="bbox 515 1291 1064 1334; baseline -0.002 -8"><span class='ocrx_word' id='word_1_122' title='bbox 515 1294 548 1326; x_wconf 84' lang='lat'>4.</span> <span class='ocrx_word' id='word_1_123' title='bbox 575 1291 645 1324; x_wconf 85' lang='lat' dir='ltr'>Fac</span> <span class='ocrx_word' id='word_1_124' title='bbox 668 1301 727 1325; x_wconf 85' lang='lat' dir='ltr'>nos</span> <span class='ocrx_word' id='word_1_125' title='bbox 751 1292 858 1332; x_wconf 87' lang='lat' dir='ltr'>ipsum</span> <span class='ocrx_word' id='word_1_126' title='bbox 884 1296 917 1326; x_wconf 86' lang='lat' dir='ltr'>te</span> <span class='ocrx_word' id='word_1_127' title='bbox 941 1293 1064 1334; x_wconf 87' lang='lat' dir='ltr'>videre,</span> 
     </span>
     <span class='ocr_line' id='line_1_22' title="bbox 574 1340 1093 1375; baseline 0.006 -3"><span class='ocrx_word' id='word_1_128' title='bbox 574 1340 647 1372; x_wconf 91' lang='lat' dir='ltr'>Hoc</span> <span class='ocrx_word' id='word_1_129' title='bbox 672 1343 722 1373; x_wconf 86' lang='lat' dir='ltr'>est</span> <span class='ocrx_word' id='word_1_130' title='bbox 744 1342 848 1373; x_wconf 85' lang='lat' dir='ltr'>totum</span> <span class='ocrx_word' id='word_1_131' title='bbox 872 1342 961 1374; x_wconf 88' lang='lat' dir='ltr'>vitae</span> <span class='ocrx_word' id='word_1_132' title='bbox 988 1350 1093 1375; x_wconf 88' lang='lat' dir='ltr'>verae.</span> 
     </span>
    </p>
   </div>
   <div class='ocr_carea' id='block_1_7' title="bbox 205 1413 983 1451">
    <p class='ocr_par' dir='ltr' id='par_1_7' title="bbox 205 1413 983 1451">
     <span class='ocr_line' id='line_1_23' title="bbox 205 1413 983 1451; baseline -0.001 -8"><span class='ocrx_word' id='word_1_133' title='bbox 205 1415 274 1443; x_wconf 87' lang='lat' dir='ltr'>Ood.</span> <span class='ocrx_word' id='word_1_134' title='bbox 299 1415 455 1444; x_wconf 79' lang='lat' dir='ltr'>Scotorum</span> <span class='ocrx_word' id='word_1_135' title='bbox 475 1414 645 1443; x_wconf 89' lang='lat' dir='ltr'>Vindobon.</span> <span class='ocrx_word' id='word_1_136' title='bbox 668 1413 706 1443; x_wconf 84' lang='lat'>52</span> <span class='ocrx_word' id='word_1_137' title='bbox 726 1423 746 1451; x_wconf 85' lang='lat' dir='ltr'>g</span> <span class='ocrx_word' id='word_1_138' title='bbox 770 1413 815 1443; x_wconf 89' lang='lat'>18.</span> <span class='ocrx_word' id='word_1_139' title='bbox 838 1424 914 1444; x_wconf 84' lang='lat' dir='ltr'>saee.</span> <span class='ocrx_word' id='word_1_140' title='bbox 939 1414 983 1444; x_wconf 86' lang='lat'>14.</span> 
     </span>
    </p>
   </div>
   <div class='ocr_carea' id='block_1_8' title="bbox 505 1556 1097 1590">
    <p class='ocr_par' dir='ltr' id='par_1_8' title="bbox 505 1556 1097 1590">
     <span class='ocr_line' id='line_1_24' title="bbox 505 1556 1097 1590; baseline 0 -1"><span class='ocrx_word' id='word_1_141' title='bbox 505 1556 574 1589; x_wconf 76' lang='lat'>369.</span> <span class='ocrx_word' id='word_1_142' title='bbox 615 1556 651 1588; x_wconf 87' lang='lat' dir='ltr'>In</span> <span class='ocrx_word' id='word_1_143' title='bbox 670 1556 897 1589; x_wconf 71' lang='lat' dir='ltr'>Translafione</span> <span class='ocrx_word' id='word_1_144' title='bbox 918 1564 943 1588; x_wconf 91' lang='lat' dir='ltr'>s.</span> <span class='ocrx_word' id='word_1_145' title='bbox 966 1557 1097 1590; x_wconf 79' lang='lat' dir='ltr'>Nicolai.</span> 
     </span>
    </p>
   </div>
   <div class='ocr_carea' id='block_1_9' title="bbox 557 1638 1042 1729">
    <p class='ocr_par' dir='ltr' id='par_1_9' title="bbox 557 1638 1042 1729">
     <span class='ocr_line' id='line_1_25' title="bbox 557 1638 1042 1672; baseline 0 0"><span class='ocrx_word' id='word_1_146' title='bbox 557 1639 588 1672; x_wconf 88' lang='lat'>1.</span> <span class='ocrx_word' id='word_1_147' title='bbox 617 1638 748 1671; x_wconf 80' lang='lat' dir='ltr'>Gratias</span> <span class='ocrx_word' id='word_1_148' title='bbox 776 1641 808 1670; x_wconf 86' lang='lat' dir='ltr'>et</span> <span class='ocrx_word' id='word_1_149' title='bbox 831 1639 946 1672; x_wconf 88' lang='lat' dir='ltr'>laudes</span> <span class='ocrx_word' id='word_1_150' title='bbox 970 1639 1042 1672; x_wconf 91' lang='lat' dir='ltr'>Deo</span> 
     </span>
     <span class='ocr_line' id='line_1_26' title="bbox 616 1687 1031 1729; baseline 0.005 -10"><span class='ocrx_word' id='word_1_151' title='bbox 616 1687 792 1720; x_wconf 83' lang='lat' dir='ltr'>reddamus</span> <span class='ocrx_word' id='word_1_152' title='bbox 818 1696 888 1720; x_wconf 89' lang='lat' dir='ltr'>cum</span> <span class='ocrx_word' id='word_1_153' title='bbox 912 1689 1031 1729; x_wconf 83' lang='lat' dir='ltr'>gaudio</span> 
     </span>
    </p>
   </div>
   <div class='ocr_carea' id='block_1_10' title="bbox 128 1744 1471 2346">
    <p class='ocr_par' dir='ltr' id='par_1_10' title="bbox 128 1744 1471 2346">
     <span class='ocr_line' id='line_1_27' title="bbox 129 1744 1378 1788; baseline 0.001 -9"><span class='ocrx_word' id='word_1_154' title='bbox 129 1747 187 1779; x_wconf 71' lang='lat' dir='ltr'>Za.</span> <span class='ocrx_word' id='word_1_155' title='bbox 211 1744 251 1777; x_wconf 86' lang='grc'>111</span> <span class='ocrx_word' id='word_1_156' title='bbox 275 1744 337 1778; x_wconf 78' lang='lat' dir='ltr'>hac</span> <span class='ocrx_word' id='word_1_157' title='bbox 360 1744 481 1777; x_wconf 77' lang='lat' dir='ltr'>festiva</span> <span class='ocrx_word' id='word_1_158' title='bbox 504 1744 568 1785; x_wconf 88' lang='lat' dir='ltr'>die,</span> <span class='ocrx_word' id='word_1_159' title='bbox 825 1745 887 1778; x_wconf 71' lang='lat' dir='ltr'>ab.</span> <span class='ocrx_word' id='word_1_160' title='bbox 907 1745 961 1779; x_wconf 72' lang='lat' dir='ltr'>Ex</span> <span class='ocrx_word' id='word_1_161' title='bbox 984 1745 1037 1778; x_wconf 79' lang='lat' dir='ltr'>his</span> <span class='ocrx_word' id='word_1_162' title='bbox 1061 1745 1194 1786; x_wconf 75' lang='lat' dir='ltr'>quidam</span> <span class='ocrx_word' id='word_1_163' title='bbox 1219 1747 1254 1778; x_wconf 83' lang='lat' dir='ltr'>in</span> <span class='ocrx_word' id='word_1_164' title='bbox 1278 1751 1378 1788; x_wconf 76' lang='lat' dir='ltr'>portu</span> 
     </span>
     <span class='ocr_line' id='line_1_28' title="bbox 215 1793 1259 1835; baseline 0.003 -11"><span class='ocrx_word' id='word_1_165' title='bbox 215 1801 286 1825; x_wconf 89' lang='grc'>011111</span> <span class='ocrx_word' id='word_1_166' title='bbox 310 1793 470 1826; x_wconf 87' lang='lat' dir='ltr'>Barenses</span> <span class='ocrx_word' id='word_1_167' title='bbox 495 1794 646 1834; x_wconf 85' lang='lat' dir='ltr'>Myreum</span> <span class='ocrx_word' id='word_1_168' title='bbox 911 1803 1107 1835; x_wconf 81' lang='lat' dir='ltr'>remansere,</span> <span class='ocrx_word' id='word_1_169' title='bbox 1134 1796 1259 1827; x_wconf 82' lang='lat' dir='ltr'>munita</span> 
     </span>
     <span class='ocr_line' id='line_1_29' title="bbox 213 1840 1471 1884; baseline 0.003 -10"><span class='ocrx_word' id='word_1_170' title='bbox 213 1850 303 1874; x_wconf 88' lang='lat' dir='ltr'>mare</span> <span class='ocrx_word' id='word_1_171' title='bbox 327 1840 550 1883; x_wconf 84' lang='lat' dir='ltr'>naufragando</span> <span class='ocrx_word' id='word_1_172' title='bbox 577 1849 765 1882; x_wconf 81' lang='lat' dir='ltr'>pervenere,</span> <span class='ocrx_word' id='word_1_173' title='bbox 910 1851 987 1884; x_wconf 86' lang='lat' dir='ltr'>pars</span> <span class='ocrx_word' id='word_1_174' title='bbox 1001 1843 1090 1876; x_wconf 88' lang='lat' dir='ltr'>venit</span> <span class='ocrx_word' id='word_1_175' title='bbox 1104 1843 1274 1876; x_wconf 84' lang='lat' dir='ltr'>ecclesiam</span> <span class='ocrx_word' id='word_1_176' title='bbox 1283 1852 1471 1879; x_wconf 82' lang='lat' dir='ltr'>occurrens.</span> 
     </span>
     <span class='ocr_line' id='line_1_30' title="bbox 129 1899 1358 1941; baseline 0 -7"><span class='ocrx_word' id='word_1_177' title='bbox 129 1901 184 1934; x_wconf 86' lang='lat' dir='ltr'>3a.</span> <span class='ocrx_word' id='word_1_178' title='bbox 210 1899 332 1932; x_wconf 85' lang='lat' dir='ltr'>Dicunt</span> <span class='ocrx_word' id='word_1_179' title='bbox 357 1899 562 1932; x_wconf 83' lang='lat' dir='ltr'>custodibus:</span> <span class='ocrx_word' id='word_1_180' title='bbox 827 1900 887 1935; x_wconf 84' lang='lat' dir='ltr'>3b.</span> <span class='ocrx_word' id='word_1_181' title='bbox 911 1900 1003 1941; x_wconf 76' lang='lat' dir='ltr'>Quod</span> <span class='ocrx_word' id='word_1_182' title='bbox 1030 1902 1117 1935; x_wconf 87' lang='lat' dir='ltr'>servi</span> <span class='ocrx_word' id='word_1_183' title='bbox 1140 1905 1358 1936; x_wconf 81' lang='lat' dir='ltr'>monstrantes</span> 
     </span>
     <span class='ocr_line' id='line_1_31' title="bbox 211 1948 1351 1990; baseline 0.004 -11"><span class='ocrx_word' id='word_1_184' title='bbox 211 1957 271 1980; x_wconf 88' lang='lat' dir='ltr'>nos</span> <span class='ocrx_word' id='word_1_185' title='bbox 297 1956 391 1981; x_wconf 76' lang='lat' dir='ltr'>orare</span> <span class='ocrx_word' id='word_1_186' title='bbox 414 1948 571 1988; x_wconf 65' lang='grc' dir='ltr'>110ῃί111115,</span> <span class='ocrx_word' id='word_1_187' title='bbox 909 1950 1071 1982; x_wconf 85' lang='lat' dir='ltr'>invadunt</span> <span class='ocrx_word' id='word_1_188' title='bbox 1093 1951 1154 1983; x_wconf 87' lang='lat' dir='ltr'>hos</span> <span class='ocrx_word' id='word_1_189' title='bbox 1177 1950 1351 1990; x_wconf 75' lang='lat' dir='ltr'>Barenses,</span> 
     </span>
     <span class='ocr_line' id='line_1_32' title="bbox 214 1995 1430 2041; baseline 0.003 -13"><span class='ocrx_word' id='word_1_190' title='bbox 214 1995 427 2037; x_wconf 84' lang='lat' dir='ltr'>Sepulchrum</span> <span class='ocrx_word' id='word_1_191' title='bbox 451 1996 556 2028; x_wconf 87' lang='lat' dir='ltr'>sancti</span> <span class='ocrx_word' id='word_1_192' title='bbox 581 1996 742 2036; x_wconf 84' lang='lat' dir='ltr'>praesulis</span> <span class='ocrx_word' id='word_1_193' title='bbox 912 1997 1096 2039; x_wconf 82' lang='lat' dir='ltr'>Fregerunt</span> <span class='ocrx_word' id='word_1_194' title='bbox 1120 2007 1178 2030; x_wconf 83' lang='lat' dir='ltr'>vas</span> <span class='ocrx_word' id='word_1_195' title='bbox 1203 2008 1430 2041; x_wconf 83' lang='lat' dir='ltr'>marmoreum,</span> 
     </span>
     <span class='ocr_line' id='line_1_33' title="bbox 213 2043 1399 2083; baseline 0.006 -7"><span class='ocrx_word' id='word_1_196' title='bbox 213 2043 342 2078; x_wconf 82' lang='lat' dir='ltr'>Nicolai</span> <span class='ocrx_word' id='word_1_197' title='bbox 368 2045 531 2077; x_wconf 83' lang='lat' dir='ltr'>ostendite</span> <span class='ocrx_word' id='word_1_198' title='bbox 554 2044 657 2078; x_wconf 60' lang='lat' dir='ltr'>nobis..</span> <span class='ocrx_word' id='word_1_199' title='bbox 914 2051 1086 2079; x_wconf 84' lang='lat' dir='ltr'>senserunt</span> <span class='ocrx_word' id='word_1_200' title='bbox 1111 2047 1242 2079; x_wconf 83' lang='lat' dir='ltr'>odorem</span> <span class='ocrx_word' id='word_1_201' title='bbox 1270 2047 1399 2083; x_wconf 85' lang='lat' dir='ltr'>Libani.</span> 
     </span>
     <span class='ocr_line' id='line_1_34' title="bbox 128 2102 1455 2148; baseline 0.004 -13"><span class='ocrx_word' id='word_1_202' title='bbox 128 2104 187 2136; x_wconf 84' lang='lat' dir='ltr'>4a.</span> <span class='ocrx_word' id='word_1_203' title='bbox 213 2102 438 2135; x_wconf 82' lang='lat' dir='ltr'>Extraxerunt</span> <span class='ocrx_word' id='word_1_204' title='bbox 463 2111 580 2143; x_wconf 83' lang='lat' dir='ltr'>corpus</span> <span class='ocrx_word' id='word_1_205' title='bbox 602 2102 707 2135; x_wconf 85' lang='lat' dir='ltr'>sancti</span> <span class='ocrx_word' id='word_1_206' title='bbox 828 2103 891 2139; x_wconf 85' lang='lat' dir='ltr'>4b.</span> <span class='ocrx_word' id='word_1_207' title='bbox 914 2104 1006 2137; x_wconf 80' lang='lat' dir='ltr'>Tunc</span> <span class='ocrx_word' id='word_1_208' title='bbox 1029 2114 1090 2145; x_wconf 88' lang='lat' dir='ltr'>per</span> <span class='ocrx_word' id='word_1_209' title='bbox 1116 2114 1237 2146; x_wconf 84' lang='lat' dir='ltr'>aequor</span> <span class='ocrx_word' id='word_1_210' title='bbox 1261 2106 1455 2148; x_wconf 85' lang='lat' dir='ltr'>navigantes</span> 
     </span>
     <span class='ocr_line' id='line_1_35' title="bbox 214 2150 1250 2195; baseline 0.005 -13"><span class='ocrx_word' id='word_1_211' title='bbox 214 2154 306 2183; x_wconf 83' lang='lat' dir='ltr'>veste</span> <span class='ocrx_word' id='word_1_212' title='bbox 329 2150 524 2193; x_wconf 74' lang='lat' dir='ltr'>presbyteri,</span> <span class='ocrx_word' id='word_1_213' title='bbox 911 2152 1023 2186; x_wconf 78' lang='lat' dir='ltr'>Barim</span> <span class='ocrx_word' id='word_1_214' title='bbox 1052 2154 1250 2195; x_wconf 84' lang='lat' dir='ltr'>deponentes</span> 
     </span>
     <span class='ocr_line' id='line_1_36' title="bbox 213 2199 1159 2243; baseline 0.005 -13"><span class='ocrx_word' id='word_1_215' title='bbox 213 2200 438 2238; x_wconf 83' lang='lat' dir='ltr'>praetulerunt</span> <span class='ocrx_word' id='word_1_216' title='bbox 462 2199 504 2231; x_wconf 83' lang='lat' dir='ltr'>ad</span> <span class='ocrx_word' id='word_1_217' title='bbox 913 2200 967 2233; x_wconf 86' lang='lat' dir='ltr'>ubi</span> <span class='ocrx_word' id='word_1_218' title='bbox 995 2202 1159 2243; x_wconf 72' lang='lat' dir='ltr'>laudatur,</span> 
     </span>
     <span class='ocr_line' id='line_1_37' title="bbox 215 2247 1158 2288; baseline 0.004 -9"><span class='ocrx_word' id='word_1_219' title='bbox 215 2250 342 2287; x_wconf 87' lang='lat' dir='ltr'>portum</span> <span class='ocrx_word' id='word_1_220' title='bbox 369 2247 500 2288; x_wconf 79' lang='lat' dir='ltr'>navigii.</span> <span class='ocrx_word' id='word_1_221' title='bbox 914 2250 1004 2282; x_wconf 89' lang='lat' dir='ltr'>coelo</span> <span class='ocrx_word' id='word_1_222' title='bbox 1031 2251 1158 2283; x_wconf 81' lang='lat' dir='ltr'>canitur</span> 
     </span>
     <span class='ocr_line' id='line_1_38' title="bbox 690 2304 905 2346; baseline 0.009 -8"><span class='ocrx_word' id='word_1_223' title='bbox 690 2306 721 2338; x_wconf 87' lang='lat'>5.</span> <span class='ocrx_word' id='word_1_224' title='bbox 749 2304 905 2346; x_wconf 82' lang='lat' dir='ltr'>Alleluja.</span> 
     </span>
    </p>
   </div>
   <div class='ocr_carea' id='block_1_11' title="bbox 130 2377 1474 2455">
    <p class='ocr_par' dir='ltr' id='par_1_11' title="bbox 130 2377 1474 2455">
     <span class='ocr_line' id='line_1_39' title="bbox 202 2377 1474 2446; baseline 0.009 -39"><span class='ocrx_word' id='word_1_225' title='bbox 202 2379 296 2446; x_wconf 55' lang='grc' dir='ltr'><em>ξιτὲᾶ.</em></span> <span class='ocrx_word' id='word_1_226' title='bbox 317 2388 371 2408; x_wconf 85' lang='lat' dir='ltr'>ms.</span> <span class='ocrx_word' id='word_1_227' title='bbox 386 2380 619 2416; x_wconf 82' lang='lat' dir='ltr'>Aquicinctense</span> <span class='ocrx_word' id='word_1_228' title='bbox 635 2389 713 2409; x_wconf 85' lang='lat' dir='ltr'>saec.</span> <span class='ocrx_word' id='word_1_229' title='bbox 729 2377 804 2409; x_wconf 76' lang='lat' dir='ltr'>1⁵l1e.</span> <span class='ocrx_word' id='word_1_230' title='bbox 822 2381 892 2410; x_wconf 85' lang='lat' dir='ltr'>Cod.</span> <span class='ocrx_word' id='word_1_231' title='bbox 908 2383 1057 2412; x_wconf 81' lang='lat' dir='ltr'>Duaeens.</span> <span class='ocrx_word' id='word_1_232' title='bbox 1080 2382 1143 2412; x_wconf 79' lang='lat'>124.</span> <span class='ocrx_word' id='word_1_233' title='bbox 1157 2401 1197 2404; x_wconf 97' lang='lat'><strong>—</strong></span> <span class='ocrx_word' id='word_1_234' title='bbox 1212 2385 1298 2413; x_wconf 86' lang='lat' dir='ltr'>Mel.:</span> <span class='ocrx_word' id='word_1_235' title='bbox 1320 2386 1474 2418; x_wconf 71' lang='lat' dir='ltr'>Vici-imae</span> 
     </span>
     <span class='ocr_line' id='line_1_40' title="bbox 130 2425 274 2455; baseline 0 -10"><span class='ocrx_word' id='word_1_236' title='bbox 130 2425 200 2455; x_wconf 81' lang='lat' dir='ltr'>pasc</span> <span class='ocrx_word' id='word_1_237' title='bbox 224 2426 241 2446; x_wconf 88' lang='lat' dir='ltr'>a</span> <span class='ocrx_word' id='word_1_238' title='bbox 268 2438 274 2445; x_wconf 95' lang='lat'>.</span> 
     </span>
    </p>
   </div>
  </div>
 </body>
</html>
