1652 2678
668 121 935 157 —280—

834 218 893 253 6b.
914 219 1002 251 Hinc
1026 221 1070 260 te,
1099 218 1236 258 Christe,

917 267 1028 308 lingua
1054 275 1199 308 quaeque

917 315 974 356 pia
998 316 1096 349 laude
1121 315 1279 348 concinat.

919 372 1095 407 Confessor
1118 373 1173 405 hic
1197 374 1310 407 niveus

915 421 1059 462 Domini,

918 469 1076 502 miracula

917 518 971 558 qui
996 522 1072 559 post
1095 520 1233 550 mortem
1257 522 1455 559 patraverat.

832 574 893 609 8b.
914 575 1002 607 Hinc
1027 578 1060 608 et
1083 584 1144 618 pro
1169 575 1277 616 laude,

916 632 1011 664 quam
1036 624 1099 657 sibi
1123 623 1203 656 laeti
1226 625 1410 666 pandimus,

915 672 1150 712 Archipraesul
1177 672 1346 705 oswaldus

915 723 951 752 te
974 724 1089 761 poseat
1111 729 1173 762 pro
1198 720 1262 753 hac
1286 722 1441 756 conciola.

833 776 895 811 9b.
917 777 1020 810 Nobis
1046 778 1145 811 donet
1170 781 1201 810 et
1227 780 1420 821 quandoque

916 825 975 858 illa
999 827 1198 867 sempiterna

918 874 1000 906 coeli
1023 883 1132 916 regna.

139 224 196 256 6a.
224 221 372 263 Sanctus,
399 224 539 262 sanctus,

226 272 356 303 sanctus
382 279 516 310 quorum

223 327 285 351 vox
310 318 351 350 ab
377 326 456 350 aevo
482 317 635 349 clamitat.

223 376 347 408 Tantus
373 375 448 416 quia
471 375 505 406 in
531 374 605 406 aula

223 424 347 463 emicat,

222 481 298 514 pair,
329 471 445 503 caritas

223 529 286 560 qua
311 521 361 550 est
385 517 486 550 omnis
513 518 544 548 et
569 516 682 558 gloria,

224 576 331 618 Unde,
358 584 417 607 rex
443 583 564 614 regum,

221 627 254 656 te
278 623 415 656 laudant
439 621 521 654 coeli
546 619 704 662 cymbala,

220 671 366 711 Aneluja
390 670 511 711 gloriae

219 722 296 751 tuae
317 719 437 760 jugiter
462 718 646 750 clamantia.

222 777 290 810 Nos
315 776 349 808 in
373 784 455 817 pace
479 785 541 816 quo
567 777 736 808 conservet

221 828 277 857 tua
301 829 335 857 in
360 825 422 856 hac
446 824 514 856 vita

222 873 402 913 clementia,

140 378 197 411 7a.
835 372 896 405 7b.

140 579 198 612 Sa.

138 780 196 812 9a.

212 949 331 976 Prosar.
352 957 406 976 ms.
427 948 638 977 Glastoniense
658 955 735 975 saec.
759 946 803 976 12.
825 957 872 977 ex.
895 948 967 977 Cod.
986 950 1170 979 Londinens.
1192 950 1289 988 calig.
1311 952 1340 980 A
1358 952 1441 980 XIV.

558 1050 625 1083 372.
664 1050 710 1082 De
729 1059 755 1082 s.
778 1051 927 1084 oswaldo
948 1052 1042 1094 Rege.

160 1133 218 1167 la.
244 1132 343 1173 Regis
368 1132 510 1165 Oswaldi
533 1133 647 1165 inclita
856 1132 915 1167 lb.
941 1134 1072 1167 Christo
1099 1143 1249 1166 canamus
1274 1136 1402 1169 merita.

240 2375 384 2421 brachia,

241 2422 281 2455 fit
304 2428 429 2465 martyr
453 2426 624 2466 patientia.

160 1192 219 1224 22.
244 1190 317 1222 Rex
342 1193 413 1222 erat
434 1190 470 1222 in
493 1193 584 1223 terra
855 1190 917 1225 2b.
939 1191 1078 1232 Sceptra
1099 1192 1224 1233 regalia

246 1238 304 1270 sed
329 1238 413 1279 regis
440 1239 522 1271 coeli
545 1239 691 1278 vernula,
940 1243 1036 1272 ornat
1061 1240 1185 1274 Christi
1209 1241 1335 1274 militia.

160 1299 218 1331 3a.
245 1295 429 1337 Pauperum
456 1296 582 1338 dextra,
859 1295 917 1330 3b.
942 1297 1056 1329 Mente
1081 1297 1231 1330 fervebat

242 1344 426 1384 principum
451 1344 561 1376 laurea
940 1350 1050 1379 rector
1076 1346 1270 1379 Christicola

246 1394 279 1423 et
305 1391 425 1424 Christi
452 1392 555 1424 crucis
581 1391 714 1425 assecla.
942 1402 1038 1426 cruce
1065 1395 1197 1427 vincens
1222 1394 1391 1436 belligera.

159 1452 219 1483 42..
246 1449 418 1482 Tendebat
441 1450 475 1482 in
499 1450 584 1482 hunc
608 1450 694 1482 acies
858 1450 919 1484 4b.
942 1451 1111 1485 oswaldus
1139 1452 1243 1484 crucis
1269 1453 1425 1486 vexillum

246 1497 349 1538 impia
944 1500 1050 1532 elevat

243 1545 375 1578 vibrans
400 1546 507 1578 hostia
529 1546 665 1588 spicula,
943 1550 975 1579 et
999 1548 1034 1580 in
1059 1549 1122 1581 hoc
1145 1548 1237 1590 signo
1263 1553 1406 1590 superat.

162 1606 220 1639 5a.
249 1602 345 1639 Crux,
373 1604 458 1644 regis
484 1603 549 1637 fide
574 1606 712 1644 sacrata,
859 1604 919 1640 5b.
943 1605 1063 1638 Gentes
1089 1610 1246 1646 respuunt
1271 1607 1362 1640 idola

243 1651 362 1684 multos
388 1661 408 1684 a
944 1657 976 1686 et
1003 1655 1107 1687 crucis

246 1699 340 1732 clade
364 1705 459 1732 sanat
482 1701 583 1733 varia.
943 1702 1081 1735 adorant
1106 1701 1270 1746 suffragia.

162 1759 222 1792 6a.
250 1757 417 1791 oswaldus
442 1756 615 1791 Dominum
859 1759 919 1794 6b.
943 1761 1077 1794 Fundat
1101 1761 1265 1802 ecclesias,

242 1805 277 1837 in
303 1815 362 1838 sua
385 1806 512 1839 inducit
945 1809 1001 1842 dat
1027 1819 1116 1851 opes,
1143 1809 1287 1844 illustrat

244 1853 363 1895 ubique
388 1859 577 1896 regnantem
602 1864 711 1897 regna.
942 1867 1052 1891 omnes
1077 1859 1151 1891 luce
1177 1857 1411 1901 Christigenas.

162 1914 220 1946 7a.
247 1912 438 1954 Sumpserat
461 1914 626 1946 Aidanum
860 1915 918 1948 7b.
941 1917 1118 1949 Praedicat
1144 1925 1239 1949 sacer
1265 1917 1390 1959 doctor,

240 1960 277 1992 in
303 1961 446 1994 divinam
941 1973 999 1996 rex
1023 1965 1186 2006 interpres

241 2008 458 2042 hierarchiam
484 2011 652 2052 evangelii.
941 2013 1061 2046 edebat
1086 2015 1175 2046 clare
1201 2014 1364 2056 dogmata.

159 2068 215 2101 8a.
242 2067 317 2101 Jam
340 2071 480 2108 poscunt
858 2070 919 2105 8b.
940 2071 1015 2104 Jam
1040 2073 1130 2105 venit

245 2115 349 2148 civem
375 2116 507 2157 dignum
531 2116 675 2157 aethera,
941 2120 984 2152 ad
1011 2129 1149 2153 coronae
1173 2121 1292 2157 stadia.

159 2174 217 2207 9a.
243 2173 376 2206 Bellans
401 2183 461 2214 pro
487 2174 616 2207 Christo
860 2176 920 2211 9b.
941 2179 1079 2219 Projicit
1103 2179 1217 2213 mortis

241 2225 400 2263 genteque
424 2232 483 2255 sua
942 2236 1036 2260 arma
1059 2230 1092 2260 et
1117 2237 1210 2261 arma

241 2269 370 2310 profert
395 2271 567 2303 cadentum
589 2272 734 2306 vulnera.
943 2274 1067 2308 Christi
1090 2276 1191 2310 vestit
1216 2275 1403 2314 fortissima.

136 2327 218 2362 loa.
245 2328 367 2360 Tendit
391 2329 434 2361 ad
461 2328 649 2362 crucifixum
833 2331 918 2365 10b.
943 2332 1039 2366 Coelo
1064 2335 1147 2368 libat
1171 2335 1295 2369 animas

942 2382 984 2414 ad
1010 2386 1102 2416 astra

943 2433 976 2462 et
1000 2431 1123 2465 Christi
1149 2431 1214 2463 ruit
1238 2432 1356 2468 hostia„
