1652 2678
750 64 1011 99 *158-

211 166 293 199 102.
319 165 465 199 Montem
489 165 604 198 baculo
629 163 724 203 fodit,
909 161 991 195 101).
1014 159 1131 194 odoris
1156 158 1325 190 residuum·

319 212 392 246 fons
413 213 523 247 siliens
548 212 670 254 prodit,
1016 209 1127 240 man-et
1150 214 1212 246 per
1236 205 1390 247 trid-uum,

318 262 375 294 lux
399 263 504 295 oranti
527 270 622 294 mane
1014 254 1161 296 praescit
1182 254 1274 286 vitae
1294 231 1426 293 metam,

318 309 445 350 fulgens
468 318 549 342 sane
1015 304 1118 335 intrat
1146 302 1265 334 laetam

320 358 453 391 coelitus
477 366 513 389 se
535 355 659 396 prodit.
1021 351 1128 383 aulam
1155 350 1338 390 spirituum.

213 416 293 450 11a.
321 415 442 448 Terrae
465 413 619 446 mandata
909 409 993 443 11b.
1016 409 1098 449 Spes
1126 407 1223 440 datur
1245 407 1327 449 orbi,

316 470 450 495 servans
474 462 612 502 pignora
634 460 733 492 beata
1016 456 1124 488 morbi
1150 455 1287 496 quilibet
1311 458 1477 492 curantur,

317 513 384 543 stat
407 509 573 549 Frisingia
596 507 751 540 laureata.
1018 504 1187 545 arrepticii
1210 503 1402 539 liberantur,

213 570 296 603 122.
320 567 397 600 Dux
421 567 516 605 bone,
909 562 992 597 121),
1019 562 1215 595 Cunctorum

315 618 412 656 pater
434 618 581 655 patrone,
1015 611 1088 643 laus
1115 610 1344 650 confessorum,

318 667 457 703 paterna
1017 669 1146 700 corona,

316 720 416 752 prece
438 711 494 752 pia
1016 716 1141 741 merces
1165 708 1261 749 bona,

316 760 351 792 in
374 762 508 793 aeterna
532 758 637 800 gloria
1019 757 1158 798 Christe,
1184 757 1278 790 nobis
1303 756 1452 797 praemia

317 808 411 841 nobis
435 808 524 841 adsis
548 806 714 841 memoria.
1019 814 1092 838 cum
1116 805 1167 838 eis
1190 805 1232 838 da
1255 805 1416 838 coelestia.

286 875 372 903 Miss-
399 884 457 903 ms.
478 874 510 902 S.
532 874 636 902 &ucis
661 871 743 901 21<
729 881 806 902 saec.
829 871 874 902 15.
894 873 931 901 A.
952 889 991 893 —
1009 873 1370 901 Miss.ms.Me1r1eense
1390 870 1448 901 979
1469 879 1547 900 saec.

211 914 255 943 1J.
285 915 385 942 13.-
407 914 493 942 Miss.
521 922 576 941 ms.
598 912 840 941 Lnderdorfense
861 912 933 940 anni
961 909 1038 940 1437
1059 911 1134 939 Cim
1153 912 1324 940 Monacens.
1350 908 1436 939 ’7550-
1458 910 1489 939 C.
1510 925 1548 930 —-

208 954 283 981 Mis>
286 952 493 981 ,Pataviense
513 952 575 989 imp
578 949 691 980 .150›3.
712 951 751 980 D
771 967 811 972 -—
829 951 915 980 Miss-
936 951 1149 988 Frinsingense
1165 952 1237 986 imp.
1253 947 1337 978 1579.
1351 949 1387 976 E.
1407 948 1510 979 -6a
1530 946 1550 977 3

211 1002 245 1020 se
248 995 296 1020 cta
314 992 364 1019 vir
383 991 524 1028 dogmata
544 991 581 1019 D.
602 1006 639 1011 —
662 988 735 1024 121)
755 988 773 1017 2
799 990 916 1019 Christe
936 989 1003 1018 laus
1023 990 1059 1018 B.

586 1083 654 1116 207.
694 1084 739 1116 De
759 1092 800 1116 ss.
823 1083 929 1116 Cosma
953 1087 985 1115 et
1006 1083 1172 1115 Damiano.

213 1148 272 1181 la.
298 1146 506 1179 Veneremur
532 1146 710 1180 Christiani
914 1146 974 1181 lb.
996 1147 1083 1186 Quos
1112 1144 1224 1178 effudit
1249 1149 1366 1178 venter
1385 1153 1479 1183 unus.

303 1195 445 1229 Gloriosi
468 1195 622 1228 Damiani
998 1195 1130 1238 Votum,
1154 1195 1235 1235 vita,
1259 1192 1354 1234 fides,
1380 1191 1477 1225 funus

349 1243 518 1283 Cosmique
540 1242 707 1284 solemnia,
1047 1244 1131 1284 Quos
1156 1242 1227 1275 unit
1251 1251 1314 1284 per
1338 1240 1455 1274 omnia.

215 1304 272 1335 22..
299 1301 425 1334 Herum
451 1301 582 1341 quidem
598 1299 729 1334 fervens
745 1304 852 1334 votum
914 1301 976 1336 21).
994 1302 1073 1334 Vita
1099 1302 1195 1334 docet
1216 1301 1391 1340 intuentes,

301 1350 356 1382 Ad
381 1359 556 1390 supernam
580 1349 687 1382 tendit
710 1352 813 1382 totum
995 1351 1099 1384 Fides
1122 1352 1248 1391 pugnat
1270 1348 1358 1382 inter
1381 1351 1505 1390 gentes,

351 1398 396 1430 Et
420 1399 564 1438 suspirat
585 1398 737 1440 patriam,
1046 1398 1157 1431 Vincit
1178 1397 1377 1431 idolatriam.

216 1458 277 1491 3a.
304 1456 360 1489 Sic
383 1456 426 1488 ad
443 1459 589 1488 sanctum
606 1455 702 1489 funus
718 1457 855 1489 tendunt
913 1457 974 1491 3b.
999 1456 1109 1490 Gratis
1132 1459 1302 1498 praestant
1324 1456 1507 1489 medicinae

305 1504 353 1538 Et
374 1505 516 1537 humana
538 1505 744 1545 vilipendunt
1000 1505 1118 1539 Curam
1142 1505 1250 1548 aegris
1276 1509 1309 1536 et
1335 1504 1503 1538 doctrinae

347 1553 471 1586 Intenti
493 1553 696 1594 coelestibus,
1047 1554 1194 1587 Salutem
1218 1553 1412 1588 errantibus.

213 1614 276 1646 4a.
301 1611 457 1653 Temptat
480 1620 614 1652 praeses
635 1610 787 1652 infidelis³
915 1612 975 1647 41).
998 1612 1064 1646 Sed
1091 1613 1167 1645 dum
1191 1612 1289 1645 simul
1309 1614 1401 1645 stant
1421 1610 1548 1653 invicti,

300 1659 346 1694 Ut
371 1660 414 1693 ad
439 1660 545 1692 scelus
570 1659 671 1693 fixum
696 1660 795 1693 caelis
1000 1661 1081 1695 Post
1104 1664 1268 1695 tormenta
1291 1663 1366 1694 sunt
1392 1660 1519 1694 addicti

346 1710 502 1742 Fratrum
526 1710 636 1742 trahat
658 1709 819 1750 spiritum,
1050 1711 1129 1744 Pari
1153 1719 1280 1751 poenae
1306 1710 1459 1751 capitum.

216 1769 276 1801 51²..
302 1767 428 1800 Horum
455 1776 531 1808 ergo
556 1767 616 1800 sub
642 1767 766 1801 honore
918 1767 977 1803 5b.
1001 1768 1050 1802 Ut
1073 1768 1108 1802 in
1134 1768 1219 1802 festo
1241 1767 1380 1809 jubilaei

303 1816 404 1849 Sonet
425 1816 532 1849 dulcis
556 1820 591 1848 et
615 1825 755 1850 canorae
1000 1817 1127 1851 Nostra
1149 1818 1194 1850 sit
1215 1817 1253 1850 in
1278 1817 1374 1851 domo
1399 1817 1464 1850 Dei

349 1865 446 1898 Vocis
468 1864 632 1906 jubilatio,
1051 1868 1131 1901 Cum
1156 1867 1239 1908 ipsis
1263 1866 1416 1900 cantatio.

291 1931 377 1959 Miss.
397 1939 452 1959 ms.
475 1930 688 1960 Cameracense
707 1940 786 1960 saec.
809 1930 853 1960 14.
877 1932 950 1961 Cod.
972 1933 1178 1961 Cameracens.
1202 1931 1267 1961 1>·0.
1287 1932 1324 1960 A.
1345 1932 1483 1960 -11155
1504 1942 1559 1961 ms.

219 1969 434 1998 Cameracense
454 1977 533 1998 saec.
555 1968 601 1998 14.
622 1970 694 1999 God.
718 1972 923 2000 Cameracens.
947 1970 1011 2000 123.
1032 1972 1067 1999 Β,

591 2063 661 2096 208.
701 2064 747 2096 De
767 2072 808 2096 55.
832 2064 940 2097 cosma
962 2068 993 2097 et
1012 2064 1180 2099 nanniano.

217 2126 273 2159 1a.
302 2124 382 2157 Dies
407 2126 503 2159 adest
526 2125 718 2168 reverenda,
920 2127 980 2161 1b.
1003 2127 1100 2161 DIem
1125 2128 1215 2161 Deus
1239 2129 1326 2162 hanc
1350 2130 1504 2163 sacravit.

303 2173 382 2206 Dies
412 2174 497 2207 votis
522 2174 759 2216 amplectenda,
1003 2177 1072 2216 Qua
1098 2181 1288 2217 praesentes
1314 2180 1504 2220 aggregavit

350 2221 430 2255 Dies
456 2223 556 2264 digna
578 2222 743 2263 laudibuS‚
1050 2225 1220 2267 Martyres
1244 2226 1456 2267 martyribus.

218 2280 273 2311 23..
294 2279 366 2312 .Isti
390 2279 510 2312 fratres
534 2283 611 2314 sunt
632 2283 761 2320 natura,
920 2281 980 2315 ab.
1005 2283 1091 2322 Quos
1117 2283 1272 2324 gemellos
1296 2287 1403 2318 mater
1427 2283 1526 2328 fudit,

304 2326 399 2368 Fide,
426 2330 549 2373 poenis,
575 2330 755 2371 sepultura,
1005 2330 1076 2363 Hos
1104 2335 1269 2372 coaequat,
1296 2332 1357 2364 hos
1383 2334 1548 2367 concludit

353 2375 460 2418 Signis
487 2380 519 2409 et
543 2379 700 2418 potentia.
1052 2379 1210 2414 Meritum
1237 2383 1271 2411 et
1292 2379 1408 2420 gloria.
