1652 2678
640 606 662 638 Ι,
702 605 866 638 Dominiea
886 606 907 638 1.
929 606 1103 639 Adventus.

199 677 257 710 la.
284 676 373 709 Ecce
398 678 600 717 gratulemur
905 677 964 713 ib.
988 678 1141 712 Sanctum
1168 681 1394 719 exspectantes

284 734 343 757 nos
371 724 547 758 Christiani
987 727 1162 760 adventum
1188 727 1261 768 Dei,

199 784 257 817 2a.
285 783 346 822 Qui
371 782 542 817 miseratus
903 784 961 818 2b.
985 786 1069 818 Arte
1094 785 1255 826 serpentis

283 831 430 864 laborem
457 834 489 864 et
521 831 665 865 dotorem
991 833 1032 865 de
1057 836 1171 866 saneta
1194 833 1343 874 paradisi

283 881 539 921 protoparentis,
988 882 1066 914 sede
1092 881 1243 921 labentis,

198 939 256 972 3a.
284 938 420 971 Omnem
446 947 523 972 vero
904 938 962 974 3b.
991 939 1034 971 Et
1061 939 1124 971 eibi
1148 940 1204 980 pie

283 987 511 1026 posteritatem
988 987 1163 1028 propitiari

283 1043 394 1067 secum
420 1036 582 1068 corruisse
610 1037 722 1069 dolens
987 1039 1084 1077 atque
1108 1035 1256 1068 misereri
1282 1035 1394 1068 volens

196 1094 256 1126 4a.
283 1092 383 1125 Venit
407 1092 472 1125 Dei
495 1092 593 1133 filius,
902 1092 963 1127 41).
986 1093 1094 1134 Venit,
1117 1096 1155 1126 ut
1179 1095 1316 1134 propter
1341 1093 1513 1125 mortalem

283 1141 356 1181 ipse
381 1150 445 1174 non
471 1142 565 1181 alius,
987 1142 1151 1174 hominem
1176 1145 1318 1175 sumeret

280 1189 463 1229 procedens
489 1199 509 1222 a
533 1193 647 1230 patre;
988 1197 1117 1222 carnem
1145 1190 1186 1222 de
1210 1189 1336 1230 virgine

198 1248 255 1281 5a.
281 1246 330 1279 Et
353 1247 530 1280 redimeret
554 1246 647 1279 illum
903 1248 962 1282 δῖ).
986 1248 1125 1280 Factum
1151 1256 1280 1280 servum
1306 1246 1440 1286 faceret,

281 1295 384 1329 hostis
409 1294 528 1329 fraude
552 1297 729 1337 perditum,
986 1296 1081 1329 homo
1108 1294 1225 1336 factus,
1252 1296 1411 1329 inclitum.

197 1356 255 1388 6a.
282 1354 379 1386 Nune
404 1357 437 1386 et
458 1363 521 1387 nos

283 1405 527 1444 comprecantes
552 1402 716 1442 redempti
903 1402 962 1436 6b.
989 1403 1168 1436 caveamus
1192 1402 1288 1436 nobis

281 1451 345 1483 Dei
369 1450 596 1484 misericordia
986 1450 1027 1483 ab
1055 1451 1141 1484 omni
1167 1450 1304 1484 malitia.

197 1511 256 1545 7a.
281 1510 328 1542 Et
350 1510 499 1542 viventes
902 1509 962 1542 73³.
987 1508 1036 1542 Ut
1059 1508 1159 1542 totius

278 1559 367 1599 juste
392 1564 431 1591 ac
454 1558 509 1599 pie
984 1556 1097 1590 mundi
1120 1557 1266 1597 ¹judicem

280 1616 339 1640 nos
364 1614 607 1648 praeparemus,
987 1614 1058 1638 cum
1084 1605 1205 1638 virtute

282 1664 341 1689 nos
367 1654 586 1696 purificemus,
985 1663 1104 1697 magna
1128 1655 1312 1687 venientem

657 1715 688 1748 8.
719 1712 902 1745 Sentiamus

719 1761 848 1794 delictis
874 1761 1105 1802 ignoscentem.

274 1830 364 1865 Trop.
386 1837 440 1857 ms.
457 1828 673 1857 Gameraeense
688 1836 765 1857 saec.
788 1825 863 1855 ²⁰!11.
880 1827 950 1856 Cod.
967 1827 1174 1856 Gamerae-«ns.
1196 1825 1242 1855 79.
1257 1843 1297 1847 —
1310 1826 1364 1862 3a,
1388 1826 1420 1864 13
1442 1826 1493 1864 421,
1512 1827 1543 1863 13

195 1867 249 1904 6b,
273 1866 305 1897 1:
329 1867 379 1904 6b,
402 1865 436 1903 23
464 1867 518 1901 Ἠ),
541 1865 559 1895 3
580 1867 680 1896 haben
697 1867 730 1903 je
750 1868 818 1895 eine
839 1866 922 1895 Silbe
943 1867 1074 1903 weniger
1096 1866 1141 1894 als
1162 1867 1211 1894 div.
1232 1866 1424 1904 Gegenzeile:
1452 1866 1503 1901 Ga,
1528 1865 1544 1895 1

193 1908 248 1937 hat
268 1916 358 1944 sogal·
378 1909 411 1935 in
431 1906 483 1934 der
498 1905 725 1942 Gegenstrophe
746 1906 818 1934 kein
839 1905 998 1942 pai-alleles
1019 1905 1123 1941 Glied,
1146 1905 1196 1933 die
1215 1905 1347 1935 Melodie
1367 1906 1492 1943 beginnt
1511 1907 1545 1934 in

195 1947 240 1977 6b
262 1948 318 1976 mit
337 1947 395 1975 den
415 1946 558 1979 Neumen,
582 1945 696 1974 welche
716 1946 748 1972 in
770 1944 816 1974 6a
835 1945 909 1973 iiber
930 1946 1154 1981 comprecantes
1176 1944 1288 1973 stehen.

626 2041 654 2072 2.
697 2039 860 2073 Dominiea
881 2039 910 2071 2.
932 2038 1105 2070 Adventus.

197 2114 256 2148 la.
286 2112 522 2147 Concurramus
555 2112 663 2146 devoti
841 2144 844 2147 ,
903 2111 964 2145 lb.
988 2111 1124 2144 Obviam
1148 2112 1359 2155 redemptori,

195 2174 252 2206 Za.
280 2171 341 2212 Qui
367 2170 410 2204 ad
434 2180 493 2203 nos
518 2171 631 2204 venire
901 2170 961 2204 2b,
986 2170 1034 2204 Ut
1059 2178 1185 2203 omnem
1211 2170 1398 2210 languorem

280 2222 449 2261 properat,
987 2217 1125 2251 auferat.

195 2280 252 2314 3a.
279 2279 369 2312 Ecce
393 2281 522 2319 tempus
902 2277 960 2311 3b.
985 2277 1030 2310 Et
1055 2285 1115 2310 nos
1141 2275 1246 2311 factos

278 2337 385 2369 prope
410 2330 462 2359 est
486 2331 520 2359 et
546 2326 627 2362 dies,
986 2326 1123 2359 erimine
1147 2327 1285 2359 miseros

281 2377 412 2418 quando
437 2375 527 2409 Deus
985 2375 1174 2416 perenniter

279 2435 338 2459 rex
363 2428 475 2459 noster
500 2424 610 2458 veniet
983 2424 1106 2458 liberos
1133 2423 1241 2458 faciet.
