1652 2678
713 92 981 128 —289—

195 190 256 223 6a.
281 189 400 223 Petrus
425 190 525 224 vitam
553 191 611 224 dat
632 190 795 225 Thabitae

279 237 545 281 Juvenenemque
569 240 682 274 reddit
705 240 794 274 vitae

334 287 417 320 Vice
442 288 564 322 Christi
590 288 707 329 libera,

196 346 255 380 7a.
282 345 430 386 Angelus
454 346 692 379 incarceratum

280 393 387 426 Solvit
406 394 550 436 Petrum,
576 395 663 428 vitae
690 395 812 436 datum,

326 440 531 474 Destinatum
559 443 679 484 gladio,

192 500 250 533 8a.
278 499 452 532 Annaniae
477 500 712 543 Saphyraeque

277 548 412 581 Falsam
436 547 534 581 fidem
559 549 756 590 punitaeque

325 596 445 629 Mortis
471 606 532 637 per
552 597 749 637 supplicium

194 654 252 687 92.
279 653 379 686 Petro
410 654 533 688 Christi

327 704 403 734 sunt
428 711 504 735 oves
531 703 686 743 creditae,

280 749 396 783 Claves
421 750 513 791 regni

330 798 480 830 coelestis
505 798 649 831 traditae

373 846 481 888 Digno
506 846 690 888 privilegio.

171 905 253 938 loa.
280 905 388 945 Hujus
413 903 529 937 umbra
553 907 648 937 sanat
670 908 793 946 gentes,

279 953 381 986 Sanat
396 952 553 994 membra,
569 955 663 985 sanat
675 955 810 993 mentes,

276 1001 413 1034 Morbos
439 1001 550 1034 reddit
574 1002 770 1042 impotentes

325 1049 451 1082 Medici
475 1049 632 1090 potentia.

170 1108 251 1141 lla.
278 1107 368 1140 Nero
393 1106 503 1140 fremit
529 1107 706 1139 iracundus

275 1155 322 1188 Et
345 1165 406 1196 pro
430 1164 525 1196 mago
555 1154 762 1198 furibundus,

325 1203 419 1243 Quod
444 1204 489 1236 sit
504 1213 617 1245 magus
636 1204 810 1236 dissolutus

323 1252 369 1285 Et
393 1252 521 1285 ruinam
547 1254 738 1284 consecutus

374 1300 421 1333 Et
447 1309 556 1333 casum
579 1298 794 1334 mortiferum.

166 1359 248 1392 122.
276 1358 302 1392 O
329 1358 437 1401 Petre,
462 1361 577 1399 partor
603 1359 721 1399 ovium,

328 1407 353 1440 Ο
379 1407 527 1448 paradisi
558 1407 711 1448 claviger,

276 1455 396 1496 Sospes
422 1456 541 1496 hospes
565 1454 723 1495 fidelium,

321 1504 428 1545 Aperi
453 1506 567 1544 portas
589 1503 713 1545 jugiter

272 1553 421 1587 Coeleste
445 1552 593 1593 pandens
619 1552 748 1593 atrium,

272 1601 318 1634 Et
341 1601 425 1633 nulli
451 1600 583 1633 claudas
613 1600 743 1634 ostium.

903 191 963 226 6b.
986 192 1076 225 Pede
1098 193 1220 233 premit
1242 192 1359 226 fluctus
1383 193 1483 225 maris

985 240 1031 273 Et
1054 243 1222 275 nutantem
1247 241 1400 275 salutaris

1034 288 1156 322 Christi
1178 291 1264 332 regit
1289 290 1434 323 dextera.

900 346 960 381 7b.
982 347 1075 387 Quod
1099 348 1247 390 negando
1274 351 1325 380 ter
1353 347 1514 389 peccavit,

981 395 1086 428 Verus
1111 405 1203 430 amor
1228 397 1372 437 expiavit

1031 443 1077 476 Et
1101 445 1190 478 trina
1215 443 1384 478 confessio.

898 500 963 535 8b.
985 500 1114 540 Petrus,
1143 502 1258 535 doctor
1285 502 1441 541 veritatis,

982 549 1149 582 Damnans
1176 549 1325 583 fraudem
1349 550 1483 591 pietatis

1027 597 1074 630 Et
1096 596 1222 631 fraudis
1252 599 1465 632 mendacium.

900 654 958 688 9b.
979 654 1094 688 Firma
1118 659 1209 688 tenet

1030 703 1123 736 Petri
1147 705 1318 745 sententia,

981 750 1062 783 Jure
1085 751 1189 794 ligans

1033 801 1066 831 et
1090 801 1219 833 solvens
1245 801 1352 833 omnia

1080 847 1222 881 Goelesti
1252 849 1401 890 imperio.

874 903 958 938 1010.
981 905 1046 937 Hic
1070 915 1090 937 a
1113 909 1210 947 petra
1235 907 1364 941 Christo
1395 906 1512 946 dictus,

981 953 1046 985 Per
1055 962 1148 994 quem
1156 954 1267 987 Simon
1274 964 1386 996 magus
1394 955 1511 998 victuS‚

980 1001 1067 1033 Dum
1093 1003 1204 1035 volare
1228 1003 1308 1044 vult,
1334 1001 1475 1035 afflictus

1025 1050 1128 1082 Prece
1156 1051 1247 1083 Petri
1271 1052 1415 1091 praevia.

872 1107 956 1140 11b.
980 1107 1069 1148 Ergo
1094 1107 1193 1140 Petro
1221 1117 1300 1140 crux
1327 1112 1463 1148 paratur

979 1154 1026 1187 Et
1050 1155 1098 1187 sic
1123 1156 1240 1189 Petrus
1266 1157 1461 1198 trucidatur,

1027 1202 1242 1245 Flagellum,
1270 1205 1442 1246 cruciatur,

1026 1252 1066 1284 In
1080 1260 1142 1292 quo
1162 1251 1310 1285 Christus
1324 1261 1360 1284 se
1373 1255 1512 1285 testatur

1078 1299 1275 1332 Crucifixum
1298 1301 1425 1333 iterum.

870 1358 915 1391 12
923 1357 955 1393 b.
977 1359 1043 1391 Per
1064 1357 1171 1399 hujus,
1200 1357 1338 1397 Christe,
1362 1359 1514 1391 meritum

1028 1405 1108 1439 Cum
1133 1414 1232 1447 prece
1258 1405 1430 1439 salutifera

980 1455 1103 1495 culpae
1129 1457 1162 1487 et
1185 1463 1311 1495 poenae
1335 1455 1480 1487 debitum

1026 1502 1203 1536 Dimittens
1230 1503 1303 1535 dele
1327 1504 1462 1544 scelera,

979 1551 1155 1584 Praestans
1177 1560 1321 1592 perenne
1332 1553 1513 1593 praemium

975 1599 1021 1632 Et
1045 1603 1231 1633 sanctorum
1254 1601 1459 1635 consortium.

242 1687 328 1715 Miss.
349 1695 403 1714 ms.
419 1687 613 1715 Nannetense
633 1694 710 1715 saec.
734 1685 778 1715 15.
796 1686 867 1715 Cod.
884 1686 1120 1715 Cenomannens.
1142 1684 1208 1714 223.
1230 1700 1269 1705 —
1291 1685 1339 1718 la,
1358 1685 1373 1714 1
1395 1689 1513 1715 creator

164 1725 269 1753 mundi
289 1734 386 1763 gegen
407 1725 460 1753 das
473 1725 636 1753 Versmars.
657 1740 695 1746 ·—-
718 1724 772 1754 lb.
794 1723 812 1753 2
832 1725 944 1754 mundo
964 1726 1073 1752 victus.
1094 1739 1132 1744 ——
1153 1722 1205 1760 3a,
1228 1723 1246 1752 2
1262 1725 1349 1759 Quod
1368 1725 1406 1753 ad
1419 1727 1510 1754 notis.

163 1779 203 1783 ——
227 1763 278 1800 72,
301 1762 319 1793 3
339 1764 538 1793 Festinatum.

572 1905 642 1938 385.
682 1906 720 1938 In
741 1914 766 1938 s.
789 1904 878 1937 Petri
899 1904 941 1936 ad
958 1903 1100 1937 vincula.

187 2000 243 2033 la.
271 1999 406 2033 Petrum
430 1999 536 2040 ligant
559 1998 699 2039 vincula,

271 2048 333 2089 Qui
355 2048 469 2081 mundi
495 2047 627 2089 piacula

274 2096 378 2130 Solvit
405 2099 438 2129 et
462 2096 610 2137 pericula

318 2146 415 2180 Facit
440 2149 541 2179 stare.

184 2206 242 2239 22.
268 2203 440 2245 Discipulo
469 2203 595 2245 gratiae

269 2252 336 2287 Sub
366 2252 502 2286 obtentu
529 2252 642 2285 veniae

268 2301 412 2336 Offertur
429 2310 505 2343 spes
532 2301 646 2342 copiae

316 2350 533 2392 Temporalis.

214 2413 342 2440 Dreves,
359 2411 509 2441 sequentiae
520 2410 640 2434 Ineditae.
669 2409 714 2434 111.

892 1996 956 2031 lb.
978 1996 1039 2037 Qui
1063 1999 1177 2037 spreta
1201 1997 1352 2030 navicula

975 2044 1094 2078 Studet
1117 2048 1227 2078 mente
1250 2046 1366 2079 sedula

974 2093 1097 2126 Divina
1123 2095 1256 2127 oracula

1023 2142 1213 2176 Declarare.

891 2200 950 2235 2b.
974 2199 1072 2233 Fidei
1098 2204 1132 2233 et
1160 2201 1268 2242 operis

973 2249 1097 2282 Lucem
1125 2250 1182 2283 dat
1206 2259 1288 2291 prae
1318 2251 1436 2283 ceteris

974 2297 1137 2340 Spernens
1161 2301 1281 2332 statum
1306 2300 1413 2332 oneris

1023 2347 1217 2382 Saecularis.
