1652 2678
787 115 1054 151 —148—

255 216 314 248 33.
342 215 392 248 Tu
414 216 528 256 ¹juncta
553 223 671 256 sponso

340 272 492 304 sponsum
518 266 710 304 exspectans
727 260 889 305 lampade,

337 315 569 352 praeparatum
595 310 696 343 divini

341 360 468 392 decoris
494 360 672 392 thalamum

335 408 440 440 intras
465 406 615 440 feliciter.

253 486 312 518 4a.
341 485 391 518 Tu
416 493 533 525 agnum
557 491 677 523 regem,

340 533 500 573 virginum
525 533 702 563 amatorem

337 580 536 621 virginisque
560 578 687 619 prolem
711 577 803 618 virgo
820 584 889 608 sec-

659 626 750 666 taris,

341 676 392 708 cui
417 677 543 715 martyr
567 674 687 707 rubens
713 673 805 714 virgo

338 723 501 766 placuisti.

254 804 312 835 5a.
338 801 411 834 Hoc
435 800 578 842 gentium
603 808 663 832 rex
688 798 867 840 perquisito

337 849 546 883 Valerianum
573 857 644 880 cum
669 847 817 880 Tiburtio

337 897 454 930 mirum
476 897 511 930 in
535 897 666 929 modum

337 945 466 979 Christo
492 945 619 977 innixos

335 995 426 1027 velut
448 993 618 1026 occisionis
644 1001 760 1034 agnum

337 1045 526 1083 regnantem
552 1042 635 1074 coeli
659 1040 868 1074 aeternaliter

338 1091 504 1123 revocavit
527 1090 570 1123 ad
594 1098 732 1131 poenam

336 1139 544 1172 mactandum
568 1138 811 1179 mysterialiter.

252 1218 310 1251 Ga.
340 1216 415 1250 Jam
440 1215 562 1249 fontem
588 1217 714 1249 dulcem

335 1266 478 1307 gaudent
501 1265 536 1297 in
559 1265 659 1305 coelo,

336 1323 432 1355 quam
458 1313 589 1346 Christe
613 1312 749 1354 parasti,

338 1363 521 1404 degustare,

337 1411 396 1444 sed
421 1411 512 1452 virgo
538 1409 623 1443 falsa
647 1408 714 1442 fide

336 1468 474 1492 renuens
501 1459 678 1500 constringi

336 1511 446 1541 monet
468 1507 684 1548 Almachium‚

334 1560 440 1589 utrem
464 1556 623 1588 tumidum

336 1606 372 1638 in
396 1614 468 1638 sese
492 1605 664 1646 speculari.

251 1683 307 1717 7a.
334 1683 424 1716 Audi
449 1692 519 1724 nos,

334 1741 436 1774 vlrgo,
463 1741 558 1772 quam
584 1739 721 1772 sponsus

335 1780 511 1813 exaudiens
537 1780 686 1813 honorat.

246 1858 307 1892 ssa.
335 1858 389 1891 Da
411 1860 526 1899 rogatu
553 1857 724 1899 Caeciliae,

333 1907 470 1948 pudicos
495 1906 612 1939 mentis
638 1906 748 1939 oculos

333 1956 367 1987 in
392 1958 425 1987 te
450 1954 601 1997 defigere,

953 212 1013 246 3b.
1036 212 1083 245 Te
1109 211 1314 250 conjugatam

1036 259 1130 292 donis
1155 257 1351 290 tercentenis
1376 259 1514 298 auctam,

1037 307 1158 347 duplex
1182 305 1456 347 praedicatricem

1036 358 1173 388 centena
1197 354 1359 396 virginum

1039 412 1158 436 corona
1179 406 1336 444 perornat

950 480 1011 514 4b.
1035 481 1149 521 Tuque
1173 478 1316 512 ferocem

1035 537 1190 570 sponsum
1216 527 1309 569 quasi
1332 527 1460 560 leonem

1036 576 1211 618 sponsique
1246 575 1384 609 fratrem
1417 575 1461 608 ad
1494 573 1593 607 fidem

1361 625 1552 657 convertens

1038 674 1191 706 damnoso
1218 673 1354 705 crimine
1379 671 1517 705 mundos

1037 722 1166 756 exuisti.

951 798 1011 832 5b.
1034 799 1100 832 Hic
1121 808 1241 831 manna
1266 798 1377 831 datum
1404 797 1573 839 Israelitis,

1035 848 1126 880 coelo
1151 847 1238 880 veris
1263 847 1420 879 Abrahae
1443 845 1521 879 filiis

1035 895 1283 937 admirantibus,

1036 945 1200 986 quondam
1225 944 1335 986 Moysi

1031 994 1118 1035 quod
1144 996 1242 1034 typus
1264 992 1436 1034 figurabat,
1465 995 1497 1024 et
1512 1002 1587 1025 mox

1033 1042 1174 1075 abducto
1199 1042 1272 1075 velo
1296 1042 1401 1074 noctis
1427 1041 1560 1074 admotu

1034 1089 1111 1123 forti
1136 1091 1229 1132 virgo
1255 1091 1314 1123 hos
1342 1089 1442 1123 corde

1032 1148 1118 1181 pane
1146 1139 1228 1171 coeli
1254 1139 1368 1180 dignos
1397 1137 1510 1173 efficit.

949 1216 1008 1250 6b.
1031 1218 1104 1250 Fax
1129 1216 1214 1257 ignis
1241 1215 1329 1248 cedit

1031 1274 1094 1298 nec
1119 1273 1190 1297 eam
1215 1264 1318 1297 laedit

1031 1318 1068 1346 ut
1091 1313 1217 1353 rubum,
1245 1322 1341 1353 quem
1365 1311 1496 1345 flamma

1032 1371 1097 1395 non
1123 1361 1318 1403 combussit;

1033 1411 1092 1444 sed
1121 1410 1213 1451 virgo
1238 1412 1364 1450 martyr
1386 1408 1475 1442 facta

1031 1462 1083 1492 ter
1109 1467 1203 1492 caesa
1229 1459 1366 1500 cervice,

1032 1508 1083 1541 bis
1109 1508 1213 1540 tincta
1239 1516 1337 1540 carne

1033 1557 1147 1590 mundi
1171 1556 1311 1589 Domino

1032 1605 1152 1638 meruit
1175 1605 1390 1646 praesentari.

949 1682 1010 1718 7b.
1034 1683 1131 1717 Salva
1155 1692 1225 1724 nos,

1033 1734 1123 1776 Jesu,
1150 1741 1211 1773 pro
1238 1731 1355 1772 quibus

1031 1782 1124 1823 virgo
1148 1783 1277 1823 martyr
1302 1783 1335 1812 te
1360 1782 1443 1813 orat.

952 1858 1012 1892 8b.
1035 1860 1105 1900 Quo
1130 1859 1249 1891 haustu
1275 1858 1455 1899 sapientiae

1037 1917 1186 1949 saporem
1214 1907 1303 1940 vitae
1327 1907 1438 1940 valeat

1037 1966 1128 1989 mens
1150 1956 1346 1997 intelligere,

659 2034 691 2066 9.
719 2032 959 2065 Christianismi
983 2032 1083 2067 fidem

718 2080 871 2120 operibus

718 2129 921 2170 praevenire,

718 2176 896 2217 beatosque
919 2176 986 2210 fide

719 2233 778 2265 spe
801 2223 923 2267 firmos,
951 2226 1088 2259 caritate
1115 2227 1249 2272 duplici,

719 2275 843 2313 auctor,
869 2274 913 2306 ad
937 2276 971 2306 te
995 2276 1149 2311 transire.

328 2359 417 2387 Grati.
444 2369 498 2387 ms.
520 2360 710 2387 Franciscan.
732 2359 764 2386 in
784 2357 863 2386 Hiils
884 2366 961 2386 saec.
986 2356 1029 2388 15.
1056 2376 1096 2381 —
1120 2362 1205 2389 Mel.:
1236 2362 1302 2389 Ave
1322 2361 1480 2398 praeclara
1500 2366 1593 2393 maris

250 2396 347 2425 stella.
356 2422 360 2430 .
