1652 2678
244 198 300 232 7a.

791 97 1031 133 „26—

328 197 353 230 O
381 196 471 238 virgo
496 200 666 238 perpetua,
940 194 998 227 712.

326 245 376 278 Tu
398 245 494 278 stella
518 244 705 286 praecipua,

376 293 464 333 Quae
488 292 578 325 ducis
604 292 647 324 ad
672 292 866 330 Dominum3

317 360 437 388 Prosar.
466 368 520 387 ms.
541 357 683 388 Gulielmi
703 357 800 386 Lovel
827 355 899 384 anni
921 352 1004 383 1572.

1021 193 1071 226 Tu
1096 194 1220 224 mentes
1245 190 1405 234 illumina,

1025 240 1175 274 Gloriosa
1199 238 1351 283 Domina,

1072 287 1187 322 Dulcis
1212 287 1303 329 virgo
1328 286 1500 327 virginum.

1027 354 1099 382 Cod.
1119 353 1314 382 Ambianeus.
1337 350 1403 381 132.
1432 367 1468 372 —
1494 352 1579 381 Mei:

240 398 317 427 Veni
339 400 440 426 sancte
461 398 585 434 spiritus
606 397 662 425 mit
680 395 918 431 Wiedcrholung
939 394 991 421 des
1012 393 1178 422 vorletzten
1200 392 1336 421 ChoraIs.

736 487 784 518 24.
825 487 868 518 De
892 486 988 519 Gruce
1009 483 1069 517 DN.

265 553 321 586 la.
349 551 454 592 Salve,
482 559 570 594 crux,
598 550 698 582 vitale
721 549 853 589 lignum.
963 547 1012 581 11)

398 599 508 632 Arbor
534 597 762 638 sacratissima,

267 659 323 690 2a.
350 657 463 696 Agnus
491 655 563 688 sine
586 656 715 689 macula
962 654 1009 687 2b

265 763 320 797 3a.

263 871 322 903 4a.

267 1023 324 1056 5a.

263 1179 318 1211 6a.

348 704 484 737 Solvens
512 703 626 736 mortis
653 703 782 736 vincula

348 762 411 794 Per
435 762 556 802 lignum
580 770 667 793 mors
686 761 877 800 intraverat,
962 760 1010 795 3b

395 809 441 843 Et
465 810 578 850 anguis
604 810 724 842 astutia

350 867 415 901 Sed
439 876 499 909 per
523 868 647 909 lignum
670 867 829 900 Dominus
960 866 1010 899 4b

346 916 477 949 Primae
501 916 616 949 matris
642 915 769 948 facinus

393 964 533 997 Ratione
560 964 671 997 delens
697 963 780 996 mira

354 1022 502 1055 Christus
533 1031 608 1064 ergo
633 1022 780 1063 moritur,
965 1020 1011 1055 51)

396 1070 460 1103 Sed
486 1073 676 1110 peremptus
700 1073 833 1109 superat

442 1118 663 1151 Tenebrarum
690 1121 816 1159 castra3

344 1224 423 1256 Fuit
447 1233 580 1264 serpens
605 1224 771 1257 indeserto

345 1272 513 1313 Quondam
538 1281 656 1305 aeneus
681 1271 794 1313 figura,

347 1177 453 1217 HuJus
477 1185 616 1217 namque
643 1174 787 1209 crucifixi
963 1175 1022 1210 151).

1015 574 1024 583 .
1045 549 1085 581 In
1107 556 1171 588 qua
1195 550 1300 580 morte
1322 549 1460 579 mortem
1485 546 1564 579 vicit

1094 595 1245 629 Gloriosa
1270 595 1413 635 victima,

1013 679 1021 687 .
1046 653 1200 688 Perditos
1231 653 1387 686 coelestia

1045 703 1216 736 Revocans
1242 703 1284 736 ad
1310 701 1440 744 gaudia.

1014 787 1020 793 .
1046 760 1156 794 Genus
1180 762 1327 793 nostrum
1351 757 1537 793 nudaverat

1095 809 1279 841 Immortali
1303 808 1426 850 gloria,

1014 891 1021 900 .
1044 866 1195 906 Unicam,
1222 876 1317 907 quem
1339 867 1461 907 genuit,

1045 915 1216 948 Incarnari
1241 915 1346 948 voluit

1094 963 1140 995 Et
1164 964 1300 997 mactari
1324 967 1430 996 morte
1457 963 1540 998 dira.

1015 1046 1022 1054 .
1049 1020 1186 1062 Sanguis
1212 1021 1299 1054 vitae
1324 1019 1475 1055 funditur

1092 1069 1140 1102 Et
1163 1069 1353 1111 redemptus
1381 1074 1540 1111 properat

1141 1118 1300 1151 Peccator
1325 1118 1369 1150 ad
1394 1121 1494 1153 astra.

1044 1176 1144 1216 Quem
1170 1177 1304 1217 Moyses
1328 1176 1418 1217 ligno
1442 1177 1572 1218 statuit,

1045 1224 1093 1258 Ut
1118 1226 1262 1257 cessaret
1286 1225 1462 1266 ignitorum

1045 1273 1233 1313 Anguinum
1258 1272 1400 1308 laesura.

265 1331 321 1363 7a.
350 1329 509 1370 Serpente
534 1331 602 1362 viso
627 1338 807 1362 morsorum
965 1330 1023 1366 ¹?b.
1047 1331 1093 1363 Ec
1119 1339 1215 1363 cruce
1240 1331 1364 1364 Christi
1389 1340 1517 1364 reorum

400 1377 606 1412 Sanabantur
633 1379 778 1412 vulnera.
1093 1378 1278 1412 Abolentur
1303 1380 1438 1413 scelera.

264 1438 321 1471 8a.
350 1436 375 1469 Ο
408 1445 503 1477 quam
533 1435 636 1469 dulcis
661 1436 779 1477 hostia,
964 1437 1024 1472 81),
1046 1437 1142 1472 Pacis
1168 1438 1295 1471 intrant
1318 1438 1433 1472 limina

346 1483 474 1523 Quanta
501 1484 569 1524 jam
593 1484 730 1528 laetitia,
1046 1486 1303 1527 Redemptorum
1329 1488 1469 1529 agmina.

263 1544 319 1576 9a.
346 1541 451 1583 Hujus
477 1551 562 1575 nunc
586 1542 707 1575 virtute
733 1543 838 1574 crucis
963 1544 1024 1578 91).
1049 1544 1159 1577 Trahe
1183 1553 1242 1577 nos
1269 1545 1313 1578 ad
1339 1554 1475 1589 regnum
1500 1546 1588 1579 lucis

238 1600 319 1634 10a.
346 1599 548 1633 Emundatos
923 1601 1023 1657 ς101).
1046 1602 1116 1635 Fac
1139 1602 1319 1644 participes
1347 1612 1484 1637 coronae

240 1808 291 1847 6b,

239 1947 294 1981 Ia.

238 2103 295 2137 2a.

239 2257 296 2289 3a.

397 1658 417 1681 a
441 1649 566 1688 peccati
591 1649 720 1682 macula

345 1706 390 1739 Et
406 1707 569 1748 perennis,
588 1707 667 1740 Jesu
685 1707 778 1750 bone,

1050 1662 1113 1694 Per
1139 1664 1274 1694 aeterna

1096 1710 1299 1743 saeculorum
1323 1711 1463 1744 saecula.

315 1773 360 1801 Pr<
392 1781 433 1801 ar.
454 1781 509 1800 ms.
531 1773 741 1803 Glastoniense
761 1784 838 1804 saec.
861 1774 906 1805 12.
928 1785 972 1805 ex.
996 1777 1068 1806 cod.
1089 1777 1272 1806 Londinens.
1289 1778 1386 1814 Calig.
1409 1779 1435 1806 A
1449 1778 1528 1807 XIV.
1545 1792 1586 1798 —

316 1810 331 1840 1
354 1812 386 1839 in
405 1812 488 1849 ligno
514 1814 627 1841 statuit.

738 1889 787 1922 25.
830 1890 874 1922 De
894 1891 999 1923 Armis

324 1947 449 1989 Gaude,
477 1948 554 1982 Sion
580 1951 737 1991 speciosa,
938 1953 997 1987 lh.

322 1995 446 2039 Gaude,
472 2000 577 2030 mater
602 2000 755 2040 gratiosa,

370 2043 422 2078 De
446 2045 564 2079 votivis
591 2047 737 2088 canticis,

322 2102 387 2135 Per
409 2106 443 2135 te
466 2103 546 2136 vicit
569 2114 704 2145 magnus
728 2105 791 2147 leo,
938 2107 996 2140 2b.

323 2149 430 2184 Natus
455 2151 544 2185 Deus
571 2152 625 2193 qui
652 2154 694 2186 de
717 2153 799 2195 Deo,

371 2198 529 2240 Christus,
556 2200 646 2242 gigas
672 2201 813 2243 orbiger,

324 2258 426 2289 Anna
452 2256 574 2290 Christi
598 2258 768 2303 passionis,
938 2262 1000 2295 3b.

322 2305 426 2337 Arma
449 2314 548 2339 verae
573 2307 731 2340 cautionis

371 2399 570 2434 Veneremur
591 2403 755 2444 laudibuS,

1020 1891 1079 1924 DN.

1021 1954 1182 1994 Quantum
1201 1957 1305 1997 potes,
1325 1958 1450 1989 tantum
1464 1956 1583 1997 gaude,

1020 2002 1122 2035 Pleno
1148 2003 1276 2045 plausu,
1302 2004 1406 2046 virgo,
1431 2005 1565 2046 plaude,

1071 2049 1143 2082 Neo
1169 2052 1313 2092 gaudere
1338 2052 1474 2088 sufficis,

1022 2108 1111 2141 Vicit
1135 2109 1234 2142 armis
1260 2111 1445 2145 sanctitatis

1021 2156 1068 2189 Et
1093 2165 1209 2192 cruore
1235 2158 1411 2204 deauratis,

1069 2206 1171 2246 Quem
1194 2206 1309 2241 effudit
1333 2210 1486 2252 armiger.

1025 2263 1105 2296 Dies
1132 2274 1269 2306 quorum
1290 2267 1444 2301 solemnis
1462 2270 1581 2313 agitur,

1021 2312 1068 2345 Et
1094 2312 1135 2345 de
1155 2313 1276 2347 Christi
1302 2314 1470 2371 triumpho
1487 2320 1583 2359 plau-

1073 2408 1239 2451 Singulari
1263 2364 1433 2451 1111111111111ξῖ11
