1652 2678
690 102 927 137 -50—

165 203 222 236 9a.
250 202 350 235 Paulo
377 211 434 234 suo
460 202 580 244 gaudet
602 201 716 241 Roma,
863 198 922 232 9b.
946 196 1012 229 Sed
1036 194 1243 237 gaudendum
1269 193 1343 233 plus
1378 195 1428 246 est
1454 190 1485 223 ei

248 250 318 284 Ista
339 259 397 283 suo
422 250 542 291 gaudet
563 249 698 288 Thoma,
946 245 1011 278 Pro
1039 242 1140 283 digito
1165 243 1299 273 nostrae
1325 248 1397 280 spe1

298 298 396 339 Cujus
422 296 526 339 fulget
549 297 691 338 vertice;
994 290 1041 323 Et
1065 289 1180 322 salutis
1205 288 1327 322 indice.

140 365 221 400 loa.
249 365 329 398 Piae
353 364 442 398 vocis
467 372 621 405 organum
838 359 921 393 iob.
941 358 1075 399 Martyr
1099 359 1191 389 tanto
1219 356 1338 389 clarior

247 413 400 446 Sancmm
424 414 515 444 sonet
538 410 747 450 Stephanum,
945 406 989 438 Et
1015 405 1050 438 in
1075 413 1174 446 regno
1201 404 1330 445 celsior,
1360 451 1366 458 ι

247 461 376 494 Primus
402 459 456 500 qui
481 467 541 500 per
567 457 730 490 clibanum
946 454 1014 494 Quo
1035 455 1112 494 post
1136 461 1228 484 suum
1253 460 1408 492 proprior

296 507 461 542 Passionis
487 505 625 538 transiit.
995 501 1118 542 Regem
1143 501 1237 532 miles
1261 499 1353 534 abiit.

138 576 220 611 lla.
247 575 446 607 Veneremur
471 576 504 605 et
528 571 751 613 Thaddaeum,
837 569 921 604 111),
943 569 991 602 Et
1013 571 1066 611 te,
1092 567 1216 607 Marce,
1245 570 1351 610 teque,
1376 567 1483 610 Blavi,

246 624 311 656 Per
336 630 429 662 quem
455 620 549 653 nobis
567 619 655 661 apud
672 618 777 651 Deum
946 618 1188 658 Prosequamur
1215 625 1287 648 cum
1313 616 1407 648 suavi

296 669 438 702 Grandis
464 670 514 700 est
538 667 669 709 fiducia,
994 666 1118 699 Vocum
1146 664 1367 698 consonantia.

138 738 219 772 12a.
246 736 360 769 Nost1i
385 738 518 768 servant
544 734 733 768 coenobitae
839 734 923 768 1212.
945 734 991 767 Et
1015 734 1152 767 rimatus
1178 732 1260 766 coeli
1287 732 1357 766 vias

246 784 353 826 Caput
376 784 606 825 Areopagitae,
946 782 1102 816 Erudivit
1125 784 1251 814 mentes
1277 782 1360 822 pias,

246 834 306 874 Qui
331 833 470 873 adeptus
496 833 603 865 lumen
629 832 716 864 vitae
950 830 1029 864 Cum
1057 830 1209 864 distinxit
1232 830 1435 862 hierarchias

293 881 357 915 Per
383 881 549 915 doctorem
574 880 717 922 gentium
996 880 1218 920 Supernorum
1245 879 1372 912 civium.

137 950 219 984 13a.
245 949 354 982 Decus
379 948 495 989 implet
518 948 626 981 laudis
651 947 747 987 hujus
839 948 922 982 13b.
947 947 1047 988 Cujus
1072 947 1170 988 peplo
1196 947 1385 988 gloriamur,

244 997 346 1038 Virgo
372 999 486 1037 mater,
513 998 627 1037 partus
653 996 745 1036 cujus
948 995 1047 1037 Cujus
1073 996 1153 1028 laeti
1178 1004 1372 1028 veneramur

294 1045 496 1080 Jucundavit
520 1045 696 1088 saeculum,
999 1044 1161 1086 Calceum,
1188 1044 1250 1084 lac,
1280 1044 1452 1085 cingulum,

137 1114 219 1147 14a.
248 1112 425 1146 Gratulare
449 1112 549 1145 tantis
575 1111 680 1153 bonis,
838 1112 924 1146 14b.
949 1113 1015 1146 Pro
1038 1112 1191 1145 mercede
1215 1112 1299 1145 tanti
1326 1112 1393 1145 dati

244 1161 330 1194 Tota
353 1161 447 1203 plebs
474 1160 668 1201 Suessionis,
948 1161 1011 1194 Die
1037 1169 1152 1194 cursus
1180 1161 1393 1194 consummati

244 1209 340 1243 Dona
368 1209 477 1242 domni
501 1209 685 1242 Nivellonis
947 1210 1150 1243 Memoretur
1175 1210 1346 1242 memorati

294 1258 434 1291 Servans
459 1266 531 1290 cum
554 1257 692 1291 laetitia.
997 1258 1163 1291 Praesulis
1191 1258 1339 1293 ecclesia.

137 1327 180 1361 15
191 1336 220 1360 a.
247 1324 288 1358 In
314 1326 376 1358 hoc
401 1326 500 1357 simus
527 1325 557 1357 ei
584 1321 679 1366 grati,
840 1326 924 1360 15b.
947 1326 994 1360 Ut
1020 1335 1093 1359 eum
1118 1335 1176 1359 suo
1202 1329 1316 1367 pastor
1341 1335 1438 1368 grege

244 1374 338 1416 Quod
365 1374 495 1407 divinae
520 1374 646 1414 pietati,
951 1374 1031 1408 Cum
1055 1377 1224 1416 pastorum
1245 1375 1337 1409 vivat
1361 1384 1438 1417 rege

294 1422 520 1464 Supplicemus
546 1422 662 1463 seduli,
997 1424 1037 1457 In
1063 1424 1229 1457 saeculum
1254 1425 1385 1457 saeculi.

573 1491 629 1525 16.
657 1491 762 1523 Amen
789 1491 902 1524 dicant
927 1492 1056 1533 singuli.

213 1586 298 1615 Miss.
327 1586 544 1615 Suessionensc
570 1588 641 1623 imp.
668 1586 796 1615 Parisiis
826 1585 910 1615 1516.
953 1588 1134 1624 „Dominica
1160 1589 1259 1625 prima
1285 1591 1355 1625 post
1378 1588 1487 1616 festum

134 1626 217 1654 beati
236 1626 378 1662 Dionysii
405 1626 572 1654 celebiatur
597 1626 707 1654 festum
734 1626 771 1654 de
791 1625 988 1663 Susceptione
1009 1626 1208 1664 reliquiaium
1234 1636 1254 1656 a
1274 1628 1353 1656 Cons
1354 1629 1487 1656 tantine-

135 1664 275 1701 politana
302 1665 376 1693 urbe
403 1662 590 1692 allatarumf‘
612 1679 651 1683 —
671 1664 792 1693 Nivello
819 1665 836 1693 Ι
860 1664 945 1694 hatte
971 1665 1029 1694 den
1052 1665 1141 1694 Stuhl
1169 1675 1230 1695 von
1251 1667 1393 1695 Soissons
1417 1668 1487 1695 inne

134 1712 168 1730 v
174 1712 195 1731 n
211 1702 286 1732 1176
301 1704 347 1732 bis
364 1701 447 1739 1207,
463 1703 555 1731 nahm
571 1701 646 1732 1202
661 1703 714 1731 das
729 1704 837 1741 Kreuz,
854 1704 963 1733 erhielt
978 1702 1053 1733 1205
1070 1705 1124 1734 das
1138 1706 1256 1734 Bistum
1268 1705 1487 1734 Thessalonjch

134 1742 197 1770 und
217 1742 324 1771 kehrte
344 1744 377 1770 in
397 1742 569 1771 demselben
589 1742 682 1771 Jahre
702 1743 780 1771 nach
801 1743 1068 1780 Gesangennahme
1085 1744 1231 1773 Balduins
1252 1754 1313 1773 von
1326 1745 1485 1780 Flandern,

136 1781 260 1810 Kaisers
280 1791 341 1810 von
361 1781 745 1819 Konstantinopel‚Hii1fe
766 1782 900 1811 suchend
921 1784 969 1811 ins
989 1783 1170 1812 Abendlantl
1188 1785 1312 1820 zuriick,
1334 1784 1416 1812 reich
1437 1784 1486 1812 be-

134 1820 224 1848 laden
251 1821 308 1848 mit
326 1821 488 1857 Reliquien
515 1821 590 1849 aller
610 1821 674 1849 Art.
714 1821 778 1849 Auf
801 1821 853 1850 der
873 1820 1037 1850 Riickkehr
1063 1823 1111 1851 ins
1131 1824 1219 1861 Mox-ng
1221 1823 1331 1852 enland
1352 1823 1434 1851 starb
1456 1832 1488 1851 er

138 1859 172 1886 in
191 1859 324 1897 Apulien
348 1860 405 1888 den
428 1858 472 1888 14.
487 1859 663 1897 September
685 1858 768 1889 1207.
805 1860 923 1890 Unsere
937 1861 1075 1898 Sequenz
1094 1864 1137 1891 ist
1156 1863 1249 1891 daher
1270 1871 1326 1891 aus
1347 1863 1415 1891 dem
1428 1863 1488 1891 An-

136 1897 225 1934 fange
247 1898 298 1927 des
321 1896 366 1927 13.
389 1899 504 1935 Jahrb„
524 1899 703 1928 vermutlich
723 1907 778 1928 aus
800 1899 866 1928 dem
886 1900 982 1929 Jahre
1004 1898 1087 1929 1207.

576 2051 623 2083 63.
666 2050 711 2083 De
732 2050 854 2083 sanctis
874 2050 1044 2092 Reliquiis.

141 2142 195 2175 la.
226 2141 317 2175 Coeli
341 2150 450 2184 regem
475 2150 668 2174 veneremur
842 2141 902 2176 ib.
925 2142 1045 2175 Matris
1066 2143 1200 2185 natique
1227 2146 1350 2188 capilli,

222 2190 269 2223 Et
293 2191 439 2231 reginam
464 2191 677 2230 deprecemur
925 2190 970 2224 Hi
996 2192 1105 2233 tracti,
1132 2202 1248 2226 suaves
1272 2195 1332 2234 illi,

270 2238 407 2271 Devotis
431 2238 610 2277 affectibus
973 2239 1042 2273 Nos
1069 2244 1186 2274 ornent
1210 2242 1398 2278 virtutibus.

139 2305 198 2339 2a.
224 2304 293 2337 Lac
314 2305 449 2346 virginis
476 2305 625 2343 eximiae,
841 2305 901 2339 2b.
923 2307 1089 2349 Praesepe
1112 2309 1198 2350 regis
1224 2309 1368 2351 humilis,

223 2352 395 2385 Panniculi
418 2353 587 2388 infantiae.
924 2354 1051 2389 Tunica
1074 2356 1279 2389 inconsutilis

271 2400 407 2433 Linteus
431 2402 532 2442 pedes
557 2401 710 2441 lavantiS,
976 2403 1039 2436 Cor
1070 2404 1141 2437 veri
1166 2404 1310 2444 probant
1331 2409 1483 2445 amantis.
