1652 2678
628 52 896 88 -254—

115 156 167 188 2a,
194 154 340 194 praesul,
368 161 494 193 gemma
517 151 688 193 praesuliS,
800 148 860 181 ab.
884 144 1076 179 Sanctitatis
1101 143 1216 183 titulis,

189 201 320 236 Cunctis
347 201 436 233 clara
465 200 594 241 populis
884 193 1050 226 Virtutum
1075 190 1242 224 miraculis

234 250 433 289 Illustratur,
932 242 1126 274 Decoratur.

103 310 163 342 32.
191 309 256 341 Pro
280 315 358 349 rege
384 305 569 339 coelestium
801 301 861 335 ΒΞ).
884 300 998 340 Egeno
1024 298 1197 331 dimidium

188 356 317 395 Pauper
342 352 535 386 beneficium
883 350 916 381 A
939 346 1085 380 Martino
1111 346 1246 387 pallium

235 403 449 444 Deprecatur,
933 396 1110 436 Erogatur.

102 462 165 496 4a.
191 460 301 493 Arbor
328 459 414 491 celsa
438 457 571 497 labitur,
801 455 863 489 4b.
889 454 1054 487 Martinus
1081 462 1146 485 non
1171 453 1324 494 tangitur,

190 510 272 542 Pars
298 508 437 540 adversa
461 505 631 546 premitur,

238 555 430 588 Suffocatur.

106 616 164 649 52.
191 615 256 647 Per
282 613 354 652 ejus
379 610 533 652 suffragia

191 661 328 700 Febres,
355 660 551 703 elephantia,

190 709 388 750 Languores‚
416 707 586 741 daemonia

240 758 488 797 Propulsantur.

108 817 167 851 6a.
194 816 300 856 Hujus
325 814 473 855 insignia,

192 863 316 897 Laudis
341 861 517 904 praeconia

239 912 303 946 Per
328 913 432 944 totum
455 911 611 943 mundum

291 958 459 1000 fulgentia.

886 504 918 535 A
946 502 1076 535 Christo
1102 502 1285 542 protegitur

934 550 981 583 Et
1005 550 1161 583 salvatur.

805 609 864 643 5b.
890 607 1034 643 Afflictis
1059 608 1186 650 solatia,

887 656 1016 690 Pressis
1042 656 1236 697 patrocinia,

890 704 1065 738 Defunctis
1091 704 1238 738 subsidia

938 754 1034 786 Vitae
1061 753 1188 786 dantur.

808 813 870 847 6b.
892 812 961 845 Nos
990 812 1033 843 ad
1060 811 1215 844 coelestia

891 860 1058 893 Perdueat
1082 859 1202 900 gaudia.

940 908 1004 940 Dei
1026 907 1087 940 filii

991 956 1170 988 clementia.

185 1027 270 1055 Miss.
295 1034 348 1054 ms.
371 1024 401 1053 S.
423 1025 548 1053 Martini
567 1026 732 1053 Turonens.
761 1032 839 1053 saeo.
868 1021 913 1052 15.
936 1022 1008 1052 Cod.
1033 1023 1198 1051 Turonens.
1221 1021 1285 1052 195.
1305 1038 1343 1042 —
1362 1024 1447 1052 Mel.:

106 1062 332 1094 Laetabundus.

557 1156 625 1189 338.
668 1158 710 1188 De
731 1157 839 1189 saneto
862 1155 1010 1189 Martino.

113 1232 171 1266 ia.
197 1228 404 1262 Laetabundi
426 1228 601 1269 Jubilemus

246 1277 363 1310 Omnes
388 1277 583 1309 unanimiter

115 1339 175 1370 2a.
203 1334 264 1375 Qui
288 1334 455 1375 primaeva
480 1334 539 1366 sub
566 1337 671 1367 aetate

247 1382 395 1422 Scriptus
418 1382 460 1415 ad
486 1382 646 1424 militiam,

116 1444 173 1476 3a.
202 1440 367 1474 Sotulares
395 1440 588 1473 detrahebat

250 1487 346 1521 Servi
370 1489 420 1520 sui
446 1488 590 1521 serviens

118 1549 176 1582 4a.
201 1545 263 1587 Qui
287 1546 431 1578 nondum
454 1546 541 1579 lotus

249 1593 356 1627 Fonte
382 1595 468 1626 sacri
492 1595 698 1635 baptismatis

298 1642 485 1684 Evaginans
508 1643 652 1683 gladium

121 1704 181 1736 5a.
207 1701 330 1735 Verum
355 1703 489 1733 sanctae
513 1700 669 1734 trinitatis

254 1747 296 1781 Se
322 1749 478 1781 cultorem
503 1748 637 1791 indicat,

206 1797 267 1838 Qui
293 1795 462 1830 defunctos
483 1798 518 1831 in
543 1798 687 1839 peccatis

252 1845 334 1879 Tres
359 1845 448 1878 viros
466 1845 620 1882 vivificat.

124 1906 186 1938 Ga.
211 1903 310 1936 Pinus
338 1904 487 1937 daemoni
513 1904 631 1945 dicata,

255 1951 379 1985 Errore
402 1952 545 1993 pessi-mo

213 1999 390 2033 Gentilium
416 2001 591 2041 celebrata,

257 2048 344 2081 Dum
371 2049 519 2083 caeditur
543 2059 562 2082 a
590 2049 737 2091 paganis,

814 1229 874 1262 lb.
894 1228 941 1261 Et
963 1227 1148 1260 Martinum
1174 1228 1395 1261 collaudemus

944 1276 1019 1308 Hac
1046 1275 1100 1309 die
1124 1276 1323 1310 solemniter.

813 1334 872 1367 2b.
895 1333 1028 1367 Ceteros
1055 1334 1239 1367 humilitate

944 1383 1167 1415 Praecurrens
1193 1383 1236 1415 ad
1260 1383 1408 1424 gratiam,

815 1440 876 1476 3b,
901 1440 946 1473 Et
973 1441 1138 1474 detractos
1170 1441 1359 1482 extergebat

947 1488 1148 1529 Praeceptor
1172 1489 1338 1523 obediens

814 1546 877 1580 41).
902 1546 972 1578 Deo
1003 1547 1137 1579 devotus

949 1595 1030 1628 Viro
1058 1596 1160 1628 mirae
1185 1596 1388 1637 paupertatis

998 1643 1143 1677 Partitus
1171 1647 1220 1677 est
1239 1643 1385 1686 pallium.

819 1701 879 1735 5b.
906 1702 1087 1735 Latronem
1114 1703 1192 1735 colit
1216 1703 1380 1743 sepultum

953 1750 1092 1783 Rustica
1116 1751 1241 1794 religio,

906 1798 1022 1831 Donec
1047 1803 1195 1833 removet
1217 1800 1306 1833 hune
1330 1801 1451 1832 cultum

955 1847 1084 1889 Sepulti
1108 1847 1280 1882 confessio,

822 1905 884 1938 61³.
909 1906 1046 1947 Signum
1073 1907 1179 1939 erucis
1206 1906 1263 1939 dat
1285 1905 1462 1949 Martinus,

959 1955 1027 1995 Quo
1053 1955 1145 1996 quasi
1171 1954 1302 1988 funibus

906 2002 1110 2036 Retrodueta
1135 2004 1203 2036 ruit
1225 2004 1333 2044 pinus,

958 2053 1086 2085 Horum
1112 2052 1160 2085 sio
1184 2061 1260 2093 spes
1285 2051 1324 2085 fit
1347 2052 1463 2085 inanis.

126 2107 145 2139 7
157 2114 188 2141 a.
212 2106 361 2139 Flamma
377 2116 492 2140 sanum
510 2107 586 2140 dum
605 2107 764 2141 comburit
824 2109 887 2145 Ἡ),
911 2111 1065 2151 Quamvis
1092 2113 1207 2144 eontra
1231 2111 1322 2144 venti
1341 2109 1450 2151 flatus,

208 2154 314 2187 Vento
342 2155 440 2188 dueta
466 2156 596 2188 domum
619 2156 696 2198 urit,

260 2203 325 2237 Sed
351 2204 455 2237 crucis
479 2205 655 2247 signaculo,

130 2262 189 2294 8a.
216 2259 270 2292 Sic
296 2259 462 2294 defensum
488 2272 687 2304 paganorum

212 2307 337 2341 Fanum
364 2310 481 2343 sternit
505 2312 693 2353 angelorum

260 2356 424 2391 Martinus
450 2359 580 2394 auxili0.

908 2159 1005 2192 Hane
1030 2162 1200 2201 retorquet
1221 2160 1275 2193 vir
1304 2160 1419 2193 beatus

957 2209 1155 2241 Admirante
1179 2208 1313 2250 populo.

828 2265 886 2300 8b.
909 2266 1087 2300 Tetradius
1111 2267 1309 2308 baptizatur,

911 2314 998 2348 Dum
1018 2314 1122 2355 ipsius
1147 2315 1307 2348 liberatur

961 2363 1081 2396 Servus
1108 2373 1127 2399 a
1154 2364 1335 2399 daemonio.
