1652 2678
772 142 1033 178 —102—

238 246 293 278 6a.
321 242 390 276 Fac
414 252 472 276 nos
496 243 641 284 quamvis
665 244 853 282 peccatores

322 292 440 332 sponsi
466 295 572 324 tecum
597 293 786 327 sectatore&

326 340 399 373 Fac
422 349 481 373 nos
507 343 579 373 tuos
604 338 791 371 laudatores

326 388 445 429 Sponsi
469 391 575 420 tecum
601 388 772 419 amatores.

239 462 295 495 7a.
322 461 398 494 Una
422 461 521 493 simus
545 467 627 491 uxor
653 458 736 498 agni,

318 508 394 542 Una
418 515 538 549 sponsa
562 506 647 547 regis
672 510 791 546 magni,

939 240 998 274 6b.
1024 239 1149 279 sponso
1175 239 1282 270 tecum
1306 239 1513 269 occurrentes

1021 287 1198 327 Tamquam
1220 285 1362 327 virgines
1387 284 1580 325 prudentes,

1022 334 1098 368 Una
1119 342 1239 375 sponsa
1264 337 1371 366 tecum
1395 333 1495 365 simus

1021 382 1088 416 Uni
1117 391 1247 423 sponso,
1274 390 1367 423 quem
1394 381 1530 414 sitimus.

941 457 999 489 7b.
1023 455 1170 496 Sponsae
1197 455 1316 487 cultum
1342 454 1552 493 aemulantes,

1023 503 1141 544 Sponsi
1166 502 1289 535 vultum
1316 502 1532 543 speculantes,

321 557 396 590 Una
418 554 542 589 Rachel
568 555 637 586 sive
662 553 732 594 Lia,

323 604 398 638 Una
421 602 555 637 Martha
579 611 637 634 seu
660 600 779 636 Maria.

1023 551 1169 593 Sponsae
1196 552 1284 584 cultu
1309 551 1478 590 sociemur=

1020 600 1138 642 Sponsi
1164 600 1255 632 vultu
1281 599 1445 632 satiemur.

314 679 403 708 Grad.
425 688 478 708 ms.
499 678 843 714 claustroneoburgense
864 675 930 706 588.
952 686 1029 707 saec.
1047 676 1090 705 14.

686 800 743 833 131.
784 801 828 833 De
846 800 945 833 beata
966 800 1069 833 Maria
1090 799 1127 832 V.

238 887 296 919 la.
323 885 405 925 Ave,
431 884 501 916 sole
526 883 649 922 clarior

325 931 429 966 Globo
452 932 550 964 lunae
571 931 739 972 pulchrior

372 979 568 1022 Cunctisque
591 980 765 1015 sideribus.

940 882 998 917 lb.
1020 882 1233 923 Amplexaris
1258 880 1370 924 filium,

1021 931 1121 970 Quem
1146 939 1211 962 vox
1236 930 1351 962 laudat
1376 929 1517 962 omnium

1069 979 1218 1021 Psalmis,
1248 978 1389 1021 hymnis,
1415 977 1583 1018 precibus.

238 1055 293 1087 221.
321 1053 394 1086 Ave
417 1054 507 1094 virgo
532 1053 652 1092 Maria,
938 1052 997 1086 ab.
1023 1051 1117 1084 Haec
1141 1060 1205 1083 vox
1230 1051 1293 1083 mel
1320 1053 1366 1083 est
1393 1050 1554 1093 faucibuS,

322 1101 420 1142 Cujus
447 1110 487 1133 ex
511 1102 668 1134 memoria
1024 1099 1116 1133 Haec
1140 1109 1205 1132 vox
1224 1099 1327 1132 melos
1352 1099 1494 1138 auribus,

370 1149 461 1182 Mira
486 1148 525 1182 fit
549 1150 702 1183 suavitas.
1072 1148 1165 1181 Haec
1190 1157 1253 1181 vox
1280 1148 1371 1180 cordi
1398 1147 1540 1183 claritas,

243 1225 300 1257 Sa.
328 1225 409 1266 Ave,
437 1226 565 1264 pratum
589 1221 752 1264 floridum,
941 1222 999 1256 zib.
1024 1221 1084 1262 Qui
1111 1222 1187 1254 dum
1211 1220 1330 1262 perflat
1354 1221 1482 1254 leniter.

328 1271 421 1310 Quod
447 1270 548 1303 efficit
572 1271 741 1313 gravidum
1025 1270 1076 1302 De
1101 1274 1134 1303 te
1157 1270 1354 1303 mirabiliter

372 1319 494 1352 Auster
518 1319 622 1352 saneti
648 1319 799 1360 spiritus3
1071 1319 1151 1352 Flos
1178 1322 1227 1351 est
1250 1319 1337 1351 vitae
1359 1318 1495 1360 genitus.

243 1395 300 1427 4a.
327 1393 409 1433 Ave,
437 1392 512 1425 Sion
537 1392 616 1431 filia,
941 1391 1001 1426 4b.
1025 1390 1141 1424 Nostri
1170 1393 1277 1425 cordis
1303 1401 1471 1432 organum,

327 1439 426 1481 Regis
452 1441 500 1473 tui
524 1441 628 1482 gloria
1025 1439 1167 1474 Nostrae
1191 1441 1299 1473 carnis
1326 1443 1516 1481 tympanum

374 1488 548 1522 Resultans
573 1490 736 1530 alacriter,
1072 1488 1248 1522 Modulare
1273 1489 1422 1522 dulciter.

245 1565 304 1596 5a.
331 1564 415 1604 Ave,
442 1572 512 1595 cum
539 1573 603 1604 qua
628 1564 757 1596 coelitus
944 1562 1004 1597 5b,
1027 1561 1143 1595 Honor
1173 1562 1234 1595 tibi
1258 1562 1388 1604 virgini,

327 1611 438 1645 Omnis
462 1613 532 1645 Deo
558 1611 691 1652 spiritus
1025 1610 1126 1651 Patri,
1152 1614 1240 1653 nato,
1265 1610 1389 1644 flamini

374 1659 538 1693 Decantat
562 1660 721 1701 Alleluja:
1076 1658 1124 1692 Sit
1150 1660 1254 1692 virtus
1279 1664 1449 1701 perpetua.

318 1738 403 1765 Misn,
431 1746 485 1766 ms.
514 1736 543 1765 S.
571 1738 695 1765 Martini
722 1738 887 1765 Turonens.
918 1744 994 1765 saec.
1027 1735 1070 1764 15.
1101 1736 1172 1765 Cod.
1200 1736 1366 1765 Turonens.
1398 1735 1462 1765 195.
1485 1738 1519 1766 A.
1543 1752 1583 1756 —

241 1777 326 1804 Miss.
357 1775 571 1806 Suessionensv
602 1778 673 1812 imp.
699 1776 835 1805 Parisiis.
868 1773 952 1804 1516.
980 1777 1011 1804 Β.
1043 1791 1080 1795 -
1108 1776 1192 1804 Miss.
1224 1776 1480 1805 Fontrebaldense
1510 1778 1584 1813 imp.

242 1816 377 1844 Parisiis.
401 1813 484 1844 1534.
507 1817 539 1843 (J.
619 1815 676 1844 Str.
698 1814 742 1844 41>
765 1816 825 1843 und
845 1814 889 1843 5a
908 1814 1081 1852 umgestellt
1102 1817 1124 1843 (¹

690 1940 751 1974 132.
792 1940 837 1972 De
857 1939 955 1972 beata
974 1939 1078 1972 Maria
1098 1941 1135 1972 V.

242 2024 298 2058 la.
324 2026 406 2064 Ave,
437 2022 533 2055 stella
557 2022 704 2062 marium,

325 2071 444 2113 Maria,
472 2080 547 2112 spes
573 2071 725 2114 tristium,

369 2119 509 2161 Specula
534 2119 671 2159 consilii,

942 2022 1003 2055 lb.
1027 2021 1191 2065 Organum
1213 2021 1368 2063 laetitiae,

1024 2070 1175 2105 Lucerna
1199 2070 1360 2112 miseriae,

1075 2119 1236 2153 Conclave
1260 2119 1409 2154 subsidii.

241 2195 297 2227 2a.
326 2193 422 2226 Orbis
447 2192 714 2228 sustentaculum,

327 2240 474 2275 Coeleste
499 2240 731 2281 spectaculum,

372 2289 557 2323 Gratiarum
582 2290 678 2331 legio,

940 2193 1000 2227 21).
1023 2193 1072 2227 Ut
1095 2193 1210 2228 matris
1237 2196 1271 2226 et
1293 2193 1442 2235 virginis,

1025 2241 1080 2274 Sic
1103 2241 1168 2275 Dei
1193 2247 1226 2275 et
1251 2242 1389 2274 hominis

1070 2291 1108 2324 In
1134 2294 1168 2322 te
1192 2291 1306 2331 nupsit
1328 2291 1414 2323 unio.

241 2363 298 2396 3n.
322 2363 425 2396 Amor
450 2363 582 2395 vincens
608 2364 726 2404 omnia,

323 2410 395 2443 Tua
417 2410 536 2443 flexum
560 2412 668 2453 gratia

372 2458 435 2491 Dei
459 2458 540 2491 vicit
562 2458 675 2502 filium,

939 2362 999 2396 31).
1026 2363 1171 2396 Verbum
1197 2371 1327 2396 carnem
1353 2361 1481 2395 faciens

1021 2411 1067 2444 Et
1089 2412 1189 2444 vitam
1215 2410 1382 2451 trajiciens

1068 2460 1124 2492 Ad
1148 2468 1226 2492 usus
1250 2458 1447 2494 mortalium.
