1652 2678
710 126 978 163 -293—

173 223 256 257 12a.
284 223 341 258 Ad
368 226 564 258 tormentum
590 227 668 257 tunc
692 225 815 267 PiatuS,
878 226 962 260 12b.
983 227 1036 260 Ex
1059 229 1093 259 te
1116 235 1233 260 nomen
1258 225 1321 259 fuit
1346 226 1386 268 ei,

283 273 382 306 Scuto
407 273 478 307 veri
503 273 733 314 circumdatus,
985 275 1044 309 Pio
1069 277 1188 317 parent
1210 274 1277 307 fide
1304 275 1352 307 rei

282 322 383 355 Venit
407 324 576 363 promptus
603 324 636 354 et
658 325 804 366 paratus,
983 323 1029 357 Et
1053 322 1197 356 fatentur
1221 331 1317 364 posse
1341 323 1413 366 Dei,

331 369 462 412 Fugare
488 370 667 403 daemonia.
1033 373 1136 406 Posse
1158 380 1257 412 super
1281 371 1399 406 omnia.

173 437 257 471 13a.
284 437 375 472 Urbs
400 438 435 470 in
457 437 587 470 Christo
610 438 679 478 jam
703 440 817 471 renata
877 438 960 472 13b.
985 438 1104 472 Caesus
1129 438 1183 470 hic
1207 439 1305 480 elegit
1328 438 1467 480 thorum,

282 485 353 518 Deo
380 485 487 519 credit
512 486 722 525 circumdata,
984 487 1096 520 Virtus
1121 489 1214 527 patet
1238 495 1460 528 supernorum,

283 533 404 567 Caesar
428 533 506 566 inde
532 534 741 575 perturbatus
984 535 1044 568 Pia
1068 543 1176 576 prece,
1203 533 1276 567 fons
1302 535 1439 576 piorum,

282 581 392 626 Jubet‚
418 584 456 614 ut
479 582 524 614 sit
550 583 781 615 condemnatus
982 583 1074 617 Lava
1098 583 1211 616 sordes
1237 583 1448 624 servulorum,

330 631 392 664 Vir
416 633 546 663 sanctus
573 633 606 662 et
632 630 789 663 caeditur.
1029 632 1170 673 Martyr,
1191 631 1241 663 cui
1253 641 1340 664 nunc
1351 632 1513 672 psallitur.

245 715 334 761 'Miss.
357 724 411 744 ms.
431 714 606 742 Elnonense
629 723 706 743 saec.
730 712 775 743 14.
804 714 876 743 Cod.
897 716 1124 745 Valentianens.
1146 714 1210 744 111.
1232 731 1271 735 ——
1290 717 1366 745 Mel:
1391 716 1510 745 Laudes

168 762 279 782 crucis.

640 865 712 898 389.
751 865 797 899 De
821 867 930 899 sancto
952 867 1053 899 Piato.

171 957 232 991 la.
259 957 356 989 Diem
381 957 467 990 hanc
490 956 635 989 laetitiae
878 958 937 991 1b.
962 959 1063 991 Totus
1090 957 1178 991 orbis
1204 958 1341 999 gaudeat

258 1005 342 1046 Regi
367 1007 494 1047 gratam
519 1005 642 1045 gloriae
961 1006 1007 1039 Et
1030 1015 1091 1047 per
1116 1015 1226 1039 vocem
1250 1006 1389 1046 prodeat

308 1054 461 1087 Celebret
485 1053 632 1094 ecclesia,
1009 1055 1120 1087 Animi
1144 1054 1279 1086 laetitia.

168 1122 232 1156 29..
259 1121 376 1154 Reduc
400 1121 443 1154 ad
469 1122 658 1154 memoriam
877 1122 939 1156 21).
960 1122 1038 1155 Tibi
1062 1130 1179 1162 nempe
1205 1121 1362 1162 congruit,

257 1169 344 1202 Piati
367 1169 548 1208 victoriam,
961 1170 1064 1210 Quam
1089 1169 1200 1203 subire
1226 1170 1335 1202 docuit

306 1218 523 1251 Tornacensis
550 1217 676 1257 civitas,
1009 1219 1164 1252 ,Iustitiae
1188 1218 1331 1252 semitas,

170 1287 230 1321 3a.
259 1286 418 1319 Parentes
445 1287 478 1316 et
501 1285 652 1326 patriam,
877 1285 936 1320 ab.
958 1286 1072 1319 Piatus
1099 1285 1252 1328 deseruit,

255 1334 379 1367 Rerum
404 1333 615 1375 opulentiam,
960 1334 1007 1367 Ut
1031 1333 1192 1375 agendum
1219 1333 1330 1366 docuit

305 1382 382 1415 Tibi
405 1382 523 1415 missus
550 1382 684 1414 coelitus
1009 1382 1117 1415 Patris
1142 1381 1336 1422 unigenitus.

166 1451 231 1485 4a.
259 1450 343 1484 Inde
369 1449 430 1483 tibi
455 1450 585 1482 miscuit
875 1449 935 1483 4b.
959 1449 1077 1482 Verbis
1104 1451 1137 1482 et
1160 1449 1325 1481 miraculis

257 1499 377 1532 Vinum
403 1501 436 1531 et
460 1499 630 1539 proposuit
960 1498 1145 1531 Detrahens
1169 1497 1347 1530 incredulis

305 1548 454 1581 Mensam
480 1547 670 1587 sapientiae,
1006 1546 1218 1579 Fermentum
1239 1546 1394 1579 malitiae.

169 1617 232 1650 ba.
259 1615 337 1656 Quis
362 1613 472 1648 verbis
496 1614 689 1656 exprimere,
877 1614 938 1650 5b.
961 1614 1023 1654 Qui
1049 1614 1125 1647 dum
1149 1616 1259 1646 mente
1283 1614 1386 1646 nobili

258 1663 427 1696 Laudibus
455 1663 612 1695 extollere
961 1662 1129 1703 Voluptati
1153 1661 1247 1694 labili

308 1711 417 1745 Vitam
444 1710 512 1751 ejus
539 1709 684 1743 sufficit?
1010 1711 1185 1745 Inhaerere
1212 1710 1361 1754 despicit,

173 1781 233 1814 6a.
261 1779 366 1812 Fama
389 1778 478 1812 volat
506 1777 654 1821 celebris,
877 1778 940 1813 61).
962 1779 1159 1820 Exemplum
1185 1781 1218 1810 et
1242 1779 1355 1819 regula

259 1828 335 1862 Lux
361 1835 533 1867 erumpens
559 1826 694 1859 latebris
960 1827 1104 1860 Vivendi
1128 1835 1188 1867 per
1213 1827 1344 1859 saecula

308 1877 375 1910 Per
399 1875 512 1909 orbem
539 1874 742 1917 diffunditur,
1010 1875 1144 1916 Populis
1171 1876 1356 1916 apponitur.

176 1946 234 1980 7a.
260 1945 443 1979 Innotescit
468 1943 602 1977 Caesari
878 1943 939 1979 7b.
960 1943 1047 1977 Hinc
1072 1954 1093 1977 a
1118 1943 1197 1976 sede
1220 1943 1310 1985 regia

257 1995 323 2028 Per
345 1994 471 2027 Piatum
499 1991 648 2025 subtrahi
959 1992 1126 2025 Discurrit
1150 1992 1312 2025 sententia

306 2042 407 2084 Thus,
433 2041 590 2074 honorem
615 2041 756 2085 solitum,
1009 2041 1128 2074 Mortis
1154 2040 1188 2084 in
1213 2040 1418 2074 immeritum.

172 2107 229 2141 Sa.
256 2106 445 2139 Percutitur
469 2104 579 2148 gladio
877 2104 938 2139 8b.
961 2105 1027 2139 Ubi
1052 2114 1124 2137 cum
1148 2104 1347 2146 martyribus

256 2155 369 2189 Piatus
395 2157 429 2187 et
451 2153 533 2186 solio
961 2154 1001 2187 In
1026 2152 1176 2195 supernis
1201 2153 1332 2186 sedibus

306 2203 450 2237 Coelesti
474 2202 643 2243 recipitur,
1009 2202 1087 2244 Jugi
1110 2210 1192 2244 pace
1217 2200 1347 2236 fruitur.

170 2267 229 2303 9a.
257 2266 375 2308 Hujus,
404 2265 544 2307 Christe,
570 2265 723 2307 precibus
876 2266 938 2301 9b.
963 2266 1011 2301 Ut
1034 2268 1110 2307 post
1133 2265 1222 2298 vitae
1246 2266 1420 2299 terminum

256 2316 425 2350 Virtutum
450 2314 638 2347 muneribus
960 2314 1009 2347 Te
1032 2315 1201 2348 laudemus
1227 2314 1400 2348 Dominum

306 2364 362 2398 Sic
386 2374 446 2398 nos
471 2372 583 2397 omnes
611 2363 782 2408 cummula,
1010 2363 1075 2396 Per
1099 2366 1233 2398 aeterna
1257 2364 1397 2399 saecula.

247 2453 370 2483 Prosar.
392 2461 447 2482 ms.
468 2451 700 2481 Marehianense
721 2460 799 2481 saec.
823 2449 868 2481 15.
890 2450 965 2481 God.
985 2452 1134 2480 Duacens.
1158 2448 1222 2479 123.
