1652 2678
670 92 910 128 -38—

122 188 140 220 5
154 196 182 219 a.
212 185 268 219 Sic
292 185 448 222 fundatur
474 190 620 232 ecclesia,
822 191 881 225 5b.
905 190 960 223 Sic
985 187 1132 229 angulari
1157 187 1270 228 lapide

207 234 261 267 Sic
285 238 487 277 spondentur
512 239 666 272 coelestia
904 238 1051 270 Tandem
1076 236 1182 269 locato
1207 235 1346 277 provide

255 283 416 318 Deorsum
441 286 664 332 militantibus,
954 285 1003 319 Sit
1026 294 1125 317 unum
1152 294 1191 317 ex
1219 284 1418 326 disparibus,

121 343 182 376 6a.
212 340 359 375 Christus
384 343 468 384 lapis
493 344 527 376 in
551 345 678 386 angulo,
822 345 883 380 61).
906 344 993 377 Dum
1018 342 1118 376 verbo
1145 352 1274 376 carnem
1299 342 1415 379 sociat,

210 389 271 429 Qui
297 399 336 423 ex
361 394 498 433 utroque
522 393 643 433 populo
904 394 995 426 Inter
1018 394 1150 424 naturas
1175 392 1300 424 mediat

254 437 351 471 Facit
375 449 444 472 rem
466 449 562 471 unam
586 440 759 481 publicam,
953 442 1137 474 Humanam
1163 443 1196 472 et
1220 438 1414 481 angelicam-

127 497 145 529 7
160 505 190 531 a.
216 497 305 537 JeSU,
331 497 386 537 qui
408 499 518 530 tantae
543 497 666 537 gloriae
822 501 841 533 ’7
849 499 880 532 b.
902 499 957 532 Sic
982 506 1113 531 carnem
1139 498 1219 530 doce
1246 497 1380 540 conteri,

209 543 348 576 Carnem
373 545 518 586 assignas
542 545 650 589 hodie,
907 547 1000 587 Quod
1024 548 1082 578 tua
1105 555 1170 578 non
1194 546 1239 578 sit
1263 546 1354 579 oneri

259 591 372 624 Carnis
398 592 501 624 honor
527 596 558 624 et
583 593 695 639 gloria,
956 594 1121 628 secuturis
1148 595 1294 636 vestigia.

199 666 319 694 Prosar.
340 675 394 694 ms.
418 666 558 696 Gulielmi
579 668 674 698 Lovel
694 671 765 699 anni
786 669 871 700 1572.
893 672 964 701 Cod.
985 671 1178 700 Ambianens.
1202 670 1264 700 132.

600 772 643 804 41.
685 773 728 805 De
748 781 789 805 ss.
811 774 980 807 Trinitate.

122 844 181 877 ir.
209 842 257 874 Te
282 845 409 883 patrem
434 842 623 884 ingenitum,
825 845 884 878 lb.
910 847 998 888 Ignis
1024 847 1129 879 sancti
1153 847 1288 888 spiritus

208 891 258 924 Te
279 889 381 923 filium
406 891 617 935 unigenitum,
907 893 1090 927 Inflammet
1113 904 1171 927 nos
1199 895 1363 931 divinitus,

210 938 368 980 Spiritum
393 939 598 981 paraclitum,
908 940 972 974 Cor
995 942 1140 974 illustret
1167 943 1300 975 coelitus

210 987 346 1020 Trinum
365 998 465 1020 unum
492 987 656 1020 dominum
907 988 1012 1021 Natus
1036 988 1100 1020 Dei
1129 990 1273 1032 inclitus,

210 1036 565 1077 omnipotentissimum
908 1036 1017 1069 Patris
1041 1036 1146 1069 virtus
1171 1038 1296 1070 muniat

209 1085 321 1125 Atque
345 1085 629 1118 clemensissimum
909 1085 1003 1117 Intus
1026 1087 1061 1116 et
1082 1084 1246 1125 purificet,

257 1132 443 1166 Laudemus
471 1142 542 1165 cum
565 1134 679 1174 Jubilo.
956 1133 1005 1167 Ut
1026 1142 1118 1165 mens
1143 1134 1292 1174 privetur
1318 1133 1440 1169 nubilo.

127 1195 182 1226 2a.
210 1191 268 1232 Te,
294 1201 418 1224 summa
438 1192 528 1225 Deus
555 1192 695 1232 trinitas,
826 1191 885 1224 ab.
908 1191 956 1224 Te
976 1192 1010 1224 in
1036 1200 1111 1223 arce
1137 1192 1258 1225 coelica

213 1239 360 1280 Simplex
384 1250 450 1273 una
474 1239 587 1280 deitas,
908 1240 1040 1273 Laudat
1064 1249 1127 1272 vox
1151 1241 1301 1280 angelica

210 1289 340 1322 Laudet
365 1290 468 1321 omnis
494 1289 647 1331 spiritus;
908 1289 1018 1329 Atque
1040 1288 1277 1333 archangelica,

211 1337 354 1378 Coelum,
381 1340 479 1377 terra,
506 1338 619 1380 maria,
911 1337 1132 1378 Supernorum
1162 1338 1291 1378 agmina

210 1385 283 1417 Poli
305 1386 488 1425 luminaria,
910 1387 974 1419 Per
1001 1385 1154 1419 distincta
1179 1387 1331 1429 carmina,

209 1433 427 1466 Pennatorum
453 1443 572 1476 genera
913 1434 1058 1468 Caritate
1073 1432 1233 1476 flammea,

259 1482 345 1515 Tuas
369 1483 483 1516 laudes
508 1483 667 1517 intonant.
959 1484 1107 1524 Hymnos
1132 1483 1243 1516 dulces
1267 1487 1456 1525 personant.

126 1545 183 1577 3a.
210 1541 305 1573 Viam
330 1542 440 1582 pande
464 1541 602 1582 miseris,
827 1541 885 1576 3b.
911 1542 1019 1574 Vitam
1042 1545 1117 1582 post
1142 1542 1227 1575 hanc
1252 1541 1411 1585 fragilem,

210 1589 442 1630 Triumphator
465 1589 595 1631 nobilis,
910 1590 1115 1623 Mansionem
1140 1591 1301 1633 stabilem,

210 1638 259 1671 Ut
281 1638 452 1679 jungamur
477 1639 603 1680 angelis
911 1640 1030 1672 Pacem
1053 1638 1254 1672 ineffabilem

259 1686 394 1728 Absque
419 1687 513 1720 naevi
537 1688 673 1723 macula.
957 1688 1010 1721 Da
1034 1687 1069 1720 in
1096 1689 1178 1721 coeli
1205 1690 1303 1722 curia..

204 1764 289 1792 Miss.
311 1773 365 1791 m..
387 1763 667 1801 Clauum-iburgens:
687 1763 754 1793 958.
776 1772 853 1792 saec.
877 1763 922 1793 15.
942 1779 980 1783 —
997 1764 1068 1793 Mel.
1089 1765 1168 1793 wohl
1182 1766 1288 1794 Mundi
1308 1767 1475 1794 renovatio.

577 1868 627 1900 42.
669 1869 713 1901 De
734 1868 870 1910 corpore
891 1868 1018 1901 Christi.

581 1928 673 1959 Feria
691 1929 743 1959 VI.
763 1927 844 1958 infra
866 1927 1019 1958 Octavam.

129 1999 189 2034 la,
216 1998 413 2031 Benedictus
833 1999 891 2033 lb.
913 1999 1057 2032 Verbum
1081 1999 1186 2038 patris

264 2046 328 2078 Dei
352 2047 536 2088 unigenitus
966 2047 1104 2080 Carnem
1129 2048 1244 2081 matris
1269 2050 1462 2090 assumpsit,

218 2093 268 2126 Sit
290 2104 415 2136 quoque
440 2095 575 2136 virginis
601 2095 739 2136 genitus,
910 2095 949 2127 In
966 2104 1030 2136 qua
1041 2094 1130 2127 Deus
1143 2095 1308 2130 hominem
1322 2100 1474 2143 sumpsit,

261 2143 436 2176 Formatus
464 2143 630 2176 divinitus.
962 2144 1026 2176 Per
1073 2153 1170 2185 quam
1210 2149 1350 2180 mortem
1398 2157 1474 2181 con-

1241 2195 1394 2235 sumpsit.

134 2251 191 2282 2a.
218 2249 284 2281 Hic
307 2250 342 2282 in
367 2250 520 2290 pabulum
832 2249 892 2282 ab.
915 2250 1013 2283 Panis
1037 2250 1072 2282 in
1099 2261 1211 2284 verum

216 2297 263 2329 Et
285 2296 320 2329 in
343 2299 497 2338 poculum
917 2298 1042 2340 Corpus
1069 2303 1102 2331 et
1126 2309 1252 2332 merum

216 2344 259 2376 Se
285 2346 342 2377 dat
362 2347 456 2378 nobis
480 2346 514 2377 in
540 2346 742 2386 signaculum
913 2344 955 2380 In
982 2348 1171 2388 sanguinem
1196 2349 1317 2381 transit
1342 2359 1457 2384 verum

267 2392 379 2425 Crucis
404 2392 604 2427 salutiferae.
962 2395 1083 2429 Divino
1109 2396 1169 2428 sub
1197 2405 1308 2437 opere.
