1652 2678
713 100 976 136 -175——

176 196 234 228 2a.
262 195 299 229 Si
321 195 504 230 Firminum
530 207 663 239 praeses
686 200 816 239 pressit,
866 198 925 232 2b.
949 199 1085 233 Praeses
1098 207 1259 240 premens,
1278 198 1408 238 praesul
1424 207 1515 239 pres-

1271 256 1336 289 sus,

262 292 399 327 Praesul
412 293 523 327 firmus
537 304 699 335 nunquam
710 296 818 339 cessit,
949 293 1047 328 Prius
1072 298 1179 328 tamen
1203 303 1336 335 praeses
1362 294 1467 327 fessus

310 340 358 374 Ut
382 342 502 383 vincat,
532 343 608 376 dum
634 344 776 386 patitur3
1001 344 1101 384 Quam
1110 344 1251 385 praesul,
1264 343 1515 383 dumpremitur.

178 400 235 432 321.
264 399 389 432 Terrae
414 400 510 433 datus
537 401 594 434 diu
618 402 712 443 latet,
869 401 929 436 eb.
951 401 1017 435 Hie
1040 401 1150 434 odoris
1176 399 1249 434 fons
1274 402 1401 434 amoeni

263 446 331 480 Sed
355 451 514 482 nocturno
538 450 606 482 sole
632 452 724 490 patet
951 450 1042 483 Sicut
1067 450 1148 482 odor
1173 450 1243 491 agri
1267 450 1358 490 pleni

310 495 357 529 Et
381 496 526 530 hibernis
552 496 686 531 floribus
1000 497 1299 531 Benedictiombus.

178 554 238 586 421.
261 553 369 595 Hujus
393 555 478 587 mira
502 556 551 587 vis
577 555 687 588 odoris
868 555 928 590 4b.
949 554 1090 589 Mandat
1108 555 1214 597 longe,
1243 555 1378 588 mundat
1402 563 1516 596 prope,

262 602 404 636 Mundat
429 603 527 644 intus,
554 604 691 637 mundat
715 602 796 636 foris
953 603 1005 636 De
1029 604 1166 644 leprosis
1193 604 1261 643 ejus
1287 612 1349 644 ope

313 650 534 691 Quodcunque
560 652 760 693 contagium3
1000 651 1098 684 Miles
1123 652 1210 685 valle
1234 652 1386 693 gentium.

181 709 239 741 5a.
267 708 292 741 O
318 711 444 748 martyr
468 706 594 750 floride,
869 708 930 743 5b.
952 710 1045 749 Quod
1069 712 1145 750 post
1170 710 1231 742 hoe
1255 709 1396 742 stadium

264 755 319 788 Sic
342 756 438 789 nobis
463 756 603 797 provide
952 758 1107 798 optatum
1131 757 1281 790 bravium

309 803 360 837 De
385 807 418 836 te
442 805 659 846 sperantibus,
998 805 1104 838 Detur
1129 805 1342 839 currentibus.

255 879 340 908 Miss.
362 889 416 909 ms.
437 881 639 909 Ambianense
659 889 735 909 saec.
760 878 803 908 15.
826 880 897 909 eod.
918 880 1109 909 Ambianens.
1135 879 1197 910 163.
1227 897 1262 901 —
1290 882 1375 909 Miss.
1397 880 1519 910 Ambia-

178 927 272 947 nense
305 920 377 954 imp.
403 919 530 948 Parisiis
557 917 641 947 1529.
670 921 704 948 Β.
742 935 776 940 -
804 919 890 948 Miss.
917 920 1119 948 Ambianense
1146 921 1219 956 imp.
1245 917 1406 956 Rotomagi
1435 917 1519 948 1506.

178 956 276 1024 ἓΒ-ἁ-
305 956 354 992 lb,
378 957 392 986 1
414 958 496 993 Auro
515 967 619 995 pressa
640 958 728 987 ABG.
755 974 793 979 υ-
814 956 867 994 310,
893 958 908 987 ].
929 959 1010 987 Hinc
1030 958 1130 987 odoris
1150 959 1185 986 A.
1208 973 1244 977 —
1265 956 1322 994 4b,
1344 956 1362 985 2
1384 958 1446 994 ejus
1469 966 1519 987 ore

613 1089 676 1121 231.
718 1090 762 1122 De
783 1091 891 1121 sancto
911 1089 1088 1122 Francisco.

181 1162 237 1195 la.
264 1161 304 1194 In
328 1169 472 1201 superna
496 1161 627 1194 civitate
884 1160 942 1195 112.
965 1161 1063 1194 Hunc
1086 1165 1236 1193 recenter
1260 1162 1354 1194 nobis
1379 1162 1478 1203 misit,

264 1208 316 1242 De
340 1209 510 1242 Francisci
534 1210 680 1242 novitate
966 1210 1026 1249 Qui
1050 1204 1236 1260 mansuram
1263 1218 1299 1241 se
1323 1210 1490 1250 promissit
1559 1188 1604 1255 ιω]

313 1257 410 1290 Felix
434 1257 557 1298 gaudet
582 1257 682 1298 curia,
1014 1257 1151 1297 Semper
1177 1266 1250 1289 cum
1275 1259 1426 1291 ecclesia.

181 1317 240 1348 2a.
267 1315 384 1348 Petrus
411 1315 531 1355 clavos,
559 1315 668 1347 elavos
693 1315 757 1347 iste
881 1314 939 1349 2b.
962 1314 1012 1347 Tu
1037 1315 1071 1347 in
1097 1315 1195 1347 Petro
1223 1314 1377 1359 crucifigi,

264 1363 460 1405 Laterisque
484 1364 531 1395 tui
558 1362 687 1396 Christe
966 1363 1031 1396 Sed
1056 1362 1143 1395 hunc
1166 1362 1228 1395 tibi
1252 1363 1302 1395 vis
1329 1363 1447 1404 configi

313 1411 479 1444 Monstrat
504 1411 697 1452 privilegia3
1012 1411 1170 1444 Passione
1194 1412 1293 1444 socia.

180 1471 238 1504 aa.
266 1469 479 1503 Vulneratrix
503 1470 652 1510 aliorum,
880 1468 941 1504 3b.
964 1471 1065 1511 Quem
1089 1470 1125 1502 in
1151 1478 1248 1502 carne
1271 1471 1361 1502 nullo
1390 1470 1491 1513 disco,

263 1517 366 1551 Istum
390 1518 492 1551 solum
521 1518 714 1551 dilectorum
966 1517 1101 1551 Crucem
1127 1518 1232 1551 carnis
1258 1519 1292 1551 in
1316 1519 1494 1552 Francisco

313 1565 484 1600 Crucifixit
509 1566 638 1605 caritas,
1009 1567 1152 1599 Miretur
1174 1567 1369 1600 humanitas.

181 1627 240 1659 42.
266 1624 357 1666 Ergo
378 1625 495 1658 laudes
519 1624 597 1657 huic
620 1625 794 1665 solvamus,
881 1625 940 1658 41).
962 1623 1010 1658 Ut
1029 1624 1123 1657 finita
1148 1625 1234 1657 vitae
1258 1627 1332 1657 rota

268 1672 367 1714 Cujus
393 1672 512 1706 festum
539 1673 739 1706 celebramus
964 1673 1015 1706 Sit
1038 1673 1142 1714 ipsius
1167 1673 1278 1713 proles
1302 1676 1372 1706 tota

312 1722 490 1762 Tamquam
515 1722 620 1762 patris
644 1720 714 1762 filii,
1014 1721 1104 1754 Coeli
1130 1729 1261 1753 consors
1287 1721 1408 1761 gaudii.

258 1797 342 1826 Miss.
363 1797 619 1826 Fontebraldense
640 1798 711 1832 imp,
734 1798 871 1826 Parisiis.
897 1794 980 1826 1534.

608 1929 677 1962 232.
718 1930 761 1961 De
782 1929 890 1962 sancto
910 1929 1086 1963 Francisco.

182 2004 240 2037 la.
268 2002 333 2038 Cor
359 2002 511 2036 devotum
534 2000 755 2035 inflammetur
884 2003 942 2036 lb.
968 2000 1147 2036 Crucifixus
1173 2002 1226 2035 hic
1251 2002 1422 2044 secundus,

264 2051 311 2085 Et
333 2050 505 2084 Francisci
530 2051 713 2084 celebretur
966 2049 1148 2085 Crucifixus
1173 2050 1237 2083 fuit
1260 2051 1400 2084 mundus

313 2099 442 2133 Devota
466 2099 664 2141 solemnitas,
1013 2100 1101 2132 Huic
1126 2102 1159 2132 et,
1182 2100 1295 2133 mundi
1318 2100 1454 2134 vanitas

180 2161 236 2193 2a.
264 2157 420 2193 Crucifixi
443 2159 543 2199 primi
569 2158 691 2191 Christi
883 2158 943 2191 212.
966 2158 1065 2199 Cujus
1093 2158 1200 2191 cordis
1225 2158 1292 2190 vim
1318 2157 1456 2191 fervoris

264 2207 359 2241 Mors
384 2210 418 2239 et
441 2207 511 2240 vita
535 2206 598 2243 fuit
620 2207 676 2240 isti
970 2207 1121 2241 Ostendit
1145 2215 1205 2247 per
1230 2207 1376 2240 membra
1401 2207 1481 2241 foris

312 2256 406 2297 Jugis
431 2255 613 2299 meditatio,
1016 2255 1209 2297 Stigmatum
1233 2255 1415 2298 impressio.

179 2317 236 2350 3a.
264 2315 361 2348 Foris
386 2315 483 2358 lucet,
510 2314 599 2347 intus
625 2314 730 2355 ardet,
883 2314 943 2349 3b.
968 2314 1056 2348 Ordo
1081 2314 1197 2357 minor,
1225 2315 1305 2348 ordo
1333 2315 1459 2357 Clarae,

263 2363 310 2399 Ut
335 2372 372 2397 se
397 2363 522 2397 cunctis
549 2363 717 2405 exemplar
743 2363 799 2396 det,
967 2363 1096 2407 Sancte,
1123 2364 1344 2404 praetendunt
1368 2367 1400 2397 te
1427 2365 1515 2399 clare

312 2414 498 2455 Quaerendi
525 2412 689 2447 coelestia.
1014 2412 1061 2445 Et
1083 2412 1125 2445 de
1148 2413 1358 2453 poenitentia.
