1652 2678
778 112 1039 148 —16-2—

241 217 298 248 4a.
325 215 414 248 Ecce
437 214 535 247 hodie
937 209 998 243 4b.
1021 209 1139 241 Statim
1163 207 1242 241 fidei

324 263 412 296 redit
436 271 543 296 annua
1022 260 1127 289 tectus
1153 256 1247 297 galea

321 311 401 345 Dies
426 310 545 350 lueida,
1023 304 1140 337 Coram
1163 304 1326 344 praesidis

323 369 387 401 qua
416 359 457 391 de
478 361 566 390 terra
1022 352 1207 385 Alexandri

324 408 484 440 insontem
512 405 662 446 Cyrieum
1022 401 1201 441 perductus
1230 403 1405 440 conspeetu

325 453 507 487 sublimasti
1022 448 1131 481 adhue
1154 448 1259 480 trinus

324 511 421 542 super
444 500 547 534 ardua
1022 505 1057 528 se
1083 496 1310 529 christicolam

325 550 406 582 coeli
432 549 550 580 sidera.
1023 544 1110 577 ultra
1135 544 1259 578 reboat.

326 597 424 636 Cujus
449 595 564 628 inclita
1024 592 1049 626 O
1077 601 1172 633 quam
1195 592 1359 632 stupenda

325 644 466 686 genitrix
490 644 510 677 J
515 643 609 675 ulitta
1023 641 1058 673 in
1089 640 1210 673 sanctis
1236 640 1342 680 pietas

326 693 450 725 coelica
1022 689 1164 729 Domini,

324 738 443 774 infanti
1023 746 1041 770 o
1065 747 1185 779 magna

324 788 522 830 propinabat
548 787 676 827 poeula.
1022 786 1126 826 ipsius
1153 785 1341 818 elementia!

324 838 417 870 Inter
443 836 552 868 dulcia
1023 834 1085 873 Qui
1109 834 1247 867 necdum
1271 833 1374 866 verba

325 885 492 926 amplexus
518 883 639 923 oscula,
1025 886 1141 915 tonare
1165 886 1305 923 poterat,

325 933 512 972 admonenS,
538 934 648 964 terrea
1025 932 1153 972 respuit
1176 930 1267 963 idola

325 990 367 1013 ne
389 989 530 1021 unquam
1027 981 1059 1011 et
1083 979 1168 1011 mira

325 1028 519 1061 formidaret
541 1027 688 1060 verbera.
1026 1027 1148 1060 restitit
1170 1025 1335 1060 facundia.

244 1089 306 1121 52.
332 1086 421 1119 Hine
444 1087 515 1118 laus
538 1086 580 1118 sit
605 1088 746 1127 aeterna,
945 1084 1005 1118 5b.
1033 1084 1112 1117 Jesu
1135 1084 1232 1124 bone,
1258 1092 1318 1125 per
1345 1086 1462 1116 cuncta

326 1135 430 1167 virtus
456 1143 494 1167 ae
517 1133 767 1176 magnificentia,
1026 1132 1087 1166 tibi
1116 1133 1320 1166 saeculorum
1346 1133 1487 1165 saecula.

710 1193 741 1224 6.
771 1191 876 1223 Amen
899 1191 994 1224 simul

772 1239 903 1280 clangat
927 1248 991 1272 vox
1015 1242 1139 1274 nostra.

321 1308 404 1335 Miss.
432 1314 487 1335 ms.
515 1307 545 1335 S.
577 1307 706 1334 Amandi
734 1314 811 1334 saec.
841 1302 884 1334 13.
915 1303 985 1334 Ood.
1007 1306 1266 1334 Valentinianens.
1299 1303 1363 1334 114.
1386 1305 1422 1333 Α.
1443 1319 1481 1324 —
1502 1304 1587 1333 Miss.

244 1355 298 1374 ms.
327 1345 356 1374 S.
383 1345 513 1374 Amandi
538 1353 614 1373 saec.
646 1342 692 1373 14.
715 1343 787 1373 Coti.
807 1345 970 1373 Parisiens.
1002 1342 1085 1373 1101.
1106 1344 1141 1373 B.
1165 1359 1203 1363 -—
1223 1345 1308 1373 Miss.
1329 1353 1385 1372 ms.
1407 1343 1438 1372 S.
1458 1344 1591 1372 Amandi

243 1393 322 1413 saee.
354 1382 399 1413 14.
429 1384 500 1413 Cod.
524 1384 753 1412 Valentianens.
784 1381 848 1412 111.
875 1383 907 1412 G.
934 1398 973 1403 —
998 1384 1118 1412 Prosar.
1145 1392 1200 1412 ms.
1227 1382 1257 1412 S.
1278 1383 1408 1411 Amandi
1435 1391 1513 1411 saec.
1545 1380 1589 1411 16.

243 1423 314 1452 eod.
335 1423 559 1451 Valentianene.
585 1420 630 1450 99.
653 1423 690 1450 D.
721 1438 758 1443 —-
790 1419 841 1458 Sa,
864 1420 881 1450 2
909 1423 1013 1451 omnia
1032 1423 1163 1460 erganzt.
1191 1436 1230 1441 —
1257 1420 1302 1450 4a
1321 1422 1382 1450 und
1403 1422 1422 1449 b
1446 1421 1590 1450 bestehen

238 1462 324 1499 jedes
346 1470 400 1490 aus
420 1463 486 1490 vier
505 1462 661 1490 Klauseln.
682 1476 722 1480 —
741 1460 794 1492 412,
816 1459 834 1490 3
856 1461 945 1489 Clara
959 1462 1106 1498 praesidis
1119 1462 1154 1490 B.
1171 1477 1211 1482 -
1232 1460 1286 1495 41),
1304 1459 1339 1489 15
1355 1462 1459 1489 conari
1472 1462 1592 1498 poterat

242 1501 303 1529 AB.
327 1515 361 1520 —
382 1501 443 1529 Die
456 1500 592 1538 Sequenz
608 1501 649 1529 ist
662 1500 840 1529 vermutlich
853 1509 914 1528 von
933 1500 1124 1536 Huebald3
1145 1500 1208 1537 vgl.
1223 1500 1252 1528 J.
1270 1500 1404 1531 Desilve,
1426 1500 1472 1528 De
1486 1499 1591 1528 schola

242 1540 419 1573 Elnonensi‚
440 1540 571 1568 Lovanii
594 1537 669 1567 1590
689 1548 718 1576 p«
742 1536 796 1567 186
818 1541 848 1567 et
870 1536 924 1567 187
946 1539 1002 1567 bis,

641 1632 705 1666 213.
747 1633 792 1665 De
813 1641 854 1665 ss.
877 1633 986 1673 (lyrico
1009 1633 1042 1665 et
1061 1632 1190 1665 Julitta.

247 1706 305 1740 la.
334 1704 498 1738 Christum
533 1714 641 1746 regem
670 1705 889 1738 collaudemus
950 1704 1011 1740 11).
1034 1705 1096 1746 Qui
1119 1714 1180 1746 per
1205 1713 1326 1746 poenas
1351 1707 1551 1747 meruerunt,

329 1753 375 1786 Et
397 1754 562 1788 laudando
588 1754 815 1795 praedicemus
1033 1754 1126 1794 Quod
1148 1754 1218 1794 jam
1245 1754 1369 1786 eoelum
1385 1753 1593 1787 intraverunt

378 1803 563 1844 Martyrum
588 1803 769 1842 victoriam,
1082 1802 1128 1836 Et
1153 1803 1327 1836 coelestem
1352 1802 1499 1844 gloriam.

246 1863 304 1896 aa.
331 1861 414 1901 Quia
440 1861 602 1894 Christum
631 1864 831 1902 amaverunt,
950 1862 1008 1894 2b.
1033 1861 1105 1894 Nee
1131 1861 1305 1894 vincuntur
1329 1861 1364 1894 in
1390 1861 1572 1900 tormentis,

332 1910 475 1950 Propter
500 1919 572 1942 eum
598 1910 807 1942 tradiderunt
1034 1909 1120 1943 Nam
1147 1910 1279 1943 divinae
1305 1910 1410 1943 virtus
1434 1909 1553 1942 mentis

381 1959 509 1999 Corpus
535 1959 579 1991 ad
605 1958 776 2000 supplicia,
1082 1958 1189 1991 Adest
1216 1959 1262 1991 eis
1287 1959 1433 2000 praevia.

250 2016 310 2048 3a.
337 2015 434 2048 Alter
458 2016 574 2048 horum
600 2018 651 2048 est
676 2015 821 2056 cyricus,
951 2017 1009 2049 3b.
1033 2015 1219 2055 Rapiuntur
1245 2019 1279 2048 et
1302 2017 1396 2057 ligati

331 2062 394 2095 Dei
423 2073 517 2096 carus
544 2067 575 2096 et
601 2063 734 2104 amicus,
1033 2063 1078 2096 Et
1099 2064 1224 2096 catenis
1251 2066 1387 2098 coartati

385 2111 451 2144 Sua
472 2114 579 2145 matre
604 2113 702 2144 socia.
1082 2112 1231 2145 Adstaut
1253 2114 1297 2146 ad
1322 2113 1500 2154 praetoria„

248 2168 307 2200 4a.
335 2168 570 2201 Praesentatur
594 2167 750 2201 tribunali
949 2168 1010 2201 4b.
1033 2170 1121 2201 Ante
1146 2169 1233 2210 regis
1259 2168 1424 2203 feritatem

334 2215 401 2249 Sub
429 2219 544 2249 catena
568 2215 681 2249 sociali
1028 2213 1190 2250 ‘confiteri
1213 2218 1394 2250 trinitatem

382 2264 500 2297 ‚Julitta
526 2272 598 2297 eum
619 2263 698 2305 filio,
1083 2264 1219 2297 Audent
1243 2274 1300 2297 ore
1324 2266 1478 2305 proprio:

250 2321 308 2354 δε.
335 2320 528 2354 Trinitatem
551 2322 698 2363 unitatis,
953 2321 1013 2354 5b.
1037 2321 1201 2355 Universa
1226 2322 1281 2362 qui
1309 2324 1434 2357 creavit

335 2368 501 2402 Unitatem
528 2370 696 2408 trinitatis,
1035 2370 1079 2402 Et
1103 2367 1268 2402 infernum
1294 2371 1459 2414 spoliavit,

383 2415 488 2450 Deum
513 2425 611 2449 unum
635 2417 807 2458 credimus,
1083 2418 1178 2450 mum
1205 2419 1259 2459 pie
1285 2419 1429 2455 colimus,
