1652 2678
279 215 337 249 Sa.

279 321 338 354 9a.

255 426 336 460 loa.

253 533 337 567 lla.

252 638 334 672 12a.

252 744 333 777 13a.

786 112 1050 149 —308—

362 212 522 246 Cohaeres
548 216 658 246 coetus
686 212 798 245 coelici

364 260 492 294 Corona
516 262 637 303 gaudet
661 260 794 303 duplici,

364 319 429 352 Pro
456 319 586 352 Solinae
612 319 749 351 victoria

365 366 454 400 Coeli
478 368 637 400 resultant
662 368 756 409 atria,

361 425 517 458 Videmus
534 434 620 458 nunc
635 434 696 466 per
711 424 888 466 speculum,

360 473 447 506 Dum
471 472 553 506 fides
578 474 664 515 regit
689 474 826 513 oculum,

363 531 424 570 Qui
451 531 551 572 chori,
578 540 660 572 quae
686 530 878 574 frequentia,

409 579 496 619 Quae
521 579 696 620 gratiarum
722 578 816 621 actm,

359 636 459 676 Ergo,
488 636 608 677 Solina‚
632 637 759 669 miseris

405 685 473 717 Fer
498 694 602 727 opem,
629 684 680 717 fer
704 684 831 726 solatia,

359 741 448 782 Ergo
473 742 645 782 triumphis
670 742 794 782 inolita,

360 790 450 822 Tuae
473 799 587 830 preces
612 793 646 822 et
665 791 782 823 merita

976 210 1034 245 8b.
1058 208 1124 242 Pro
1152 215 1266 240 cruore
1289 214 1465 250 purpurea,

1059 259 1126 291 Pro
1153 254 1316 289 coelibatu
1336 255 1443 288 nivea.

976 316 1035 350 9b.
1060 315 1200 350 Goelesti
1227 313 1456 346 consonantiae

1058 364 1243 398 Concordet
1266 371 1330 394 vox
1356 361 1523 396 ecclesiae.

949 422 1034 457 iob.
1059 423 1147 463 Quae
1172 421 1239 453 sint
1262 419 1340 452 illae
1367 419 1504 452 deliciae

1058 468 1313 511 Supercoelestis
1342 468 1480 508 patriae.

948 529 1033 563 11b.
1057 529 1145 569 Quae
1170 527 1337 560 beatorum
1364 526 1484 567 gaudia

1105 576 1169 609 Pro
1195 575 1326 608 Solinae
1351 574 1524 606 consortio.

949 635 1032 668 12b.
1052 634 1103 667 Sis
1130 634 1177 666 tui
1201 641 1325 666 memor
1349 632 1486 673 generis,

1103 682 1239 716 Aeterni
1265 681 1342 713 solis
1367 679 1446 713 filia.

948 740 1031 775 1312.
1054 740 1141 773 Tuos
1166 740 1201 772 in
1226 742 1283 772 tua
1310 738 1441 771 sedulos

1055 788 1170 821 Laude
1196 790 1366 821 conservet
1390 788 1548 821 servulos,

326 866 411 894 Miss.
432 874 486 893 ms⁴
509 864 538 893 S.
559 866 643 893 Petri
664 865 838 893 Carnotens.
860 871 937 892 saec.
961 862 1005 892 14.
1028 864 1099 892 Cod.
1121 864 1294 892 Oarnotens.
1315 861 1381 891 519.

248 1090 306 1124 la.

247 1244 307 1277 2a.

248 1399 308 1432 3a,

244 1552 302 1585 4a.

249 1706 304 1739 5a.

248 1860 306 1892 6a.

247 2013 304 2047 7a.

247 2167 305 2200 82.

248 2320 307 2353 9a,

678 1006 742 1038 410.
782 1005 828 1037 De
848 1005 958 1037 sancto
980 1003 1151 1046 Stephano.

332 1087 437 1121 Natus
463 1091 511 1120 est
536 1088 629 1120 nobis
655 1087 814 1128 Salvator,

331 1136 378 1170 Ut
401 1135 496 1168 fieret
518 1137 736 1176 triumphator

377 1184 602 1225 Protomartyr
628 1184 822 1224 Stephanus,

334 1240 465 1273 Summa
489 1241 592 1274 virtus
619 1242 774 1282 caritatis,

332 1289 421 1328 Quae
444 1298 503 1322 nos
527 1290 686 1322 mundans
704 1299 725 1321 a
739 1288 883 1329 peccatis

380 1337 503 1369 Reddit
530 1337 650 1370 Christi
676 1336 834 1376 famulos3

334 1394 426 1427 Unus
451 1403 510 1426 nos
536 1395 652 1427 timore
675 1395 791 1436 pungit

330 1442 376 1475 Et
403 1443 575 1475 dilectione
594 1443 702 1483 jungit

378 1490 516 1523 Domino
542 1491 739 1531 perenniter,

330 1548 490 1580 Virtutem
517 1548 602 1581 hane
628 1549 777 1580 eximiam

329 1596 451 1636 Nequit
474 1597 610 1629 laudare
635 1597 793 1637 quispiam

377 1644 459 1676 Tam
484 1645 591 1685 digne,
618 1654 715 1685 quam
738 1644 881 1686 expedit.

331 1702 515 1742 Martyrum
541 1702 745 1743 primicerius

331 1750 454 1783 Videns
480 1750 591 1783 Jesum
616 1751 763 1792 superius

380 1799 525 1832 Stantem
542 1800 585 1832 ad
597 1800 701 1840 patris
716 1800 883 1832 dexteram

332 1857 423 1891 Falsi
448 1860 547 1889 testes
573 1860 605 1889 et
629 1858 752 1898 perditi

329 1906 458 1939 Ponunt
482 1909 589 1938 vestes
617 1906 768 1947 discipuli

377 1954 432 1986 Ad
457 1954 558 1994 pedes
584 1955 810 1995 adolescentiS,

330 2011 518 2051 Discipulus
547 2012 765 2053 redemptoris

329 2060 394 2092 Pro
419 2060 523 2092 salute
546 2062 746 2101 percussoris

376 2107 489 2140 Flexis
515 2113 588 2141 orat
612 2109 757 2151 genibus,

334 2165 472 2198 Castitas
496 2166 530 2198 in
555 2167 617 2199 hoc
642 2167 798 2207 pollebat,

330 2213 428 2247 Unde
453 2214 567 2247 viduas
597 2215 716 2257 alebat,

378 2262 424 2295 Ut
449 2262 565 2295 Petrus
588 2263 748 2305 instituit3

333 2319 427 2351 Illius
452 2320 615 2353 mirabilia

331 2366 414 2399 Sunt
436 2368 695 2413 innumerabilia,

379 2414 467 2454 Quae
491 2415 570 2448 fecit
593 2418 625 2450 in
651 2419 832 2459 saeculum3

944 1085 1002 1119 lb.
1028 1086 1138 1120 Pietas
1161 1087 1254 1119 illum
1281 1086 1424 1126 donavit,

1028 1135 1155 1168 Caritas
1181 1135 1267 1167 huno
1292 1134 1443 1173 elevavit,

1075 1183 1195 1224 Fulget
1217 1191 1304 1215 nunc
1327 1185 1365 1214 ut
1389 1182 1535 1223 angelus.

943 1240 1002 1274 ab.
1027 1239 1155 1274 Caritas
1181 1243 1232 1273 est
1255 1249 1346 1274 amor
1370 1239 1444 1283 Dei,

1026 1288 1112 1321 Justi
1138 1288 1276 1321 hominis
1303 1291 1335 1320 et
1359 1289 1418 1329 rei,

1074 1336 1164 1369 Duos
1190 1337 1314 1369 habens
1337 1336 1472 1370 rivulos

943 1393 1003 1428 3b.
1024 1394 1121 1426 Alter
1145 1395 1294 1435 proximo
1318 1394 1498 1435 blanditur,

1026 1442 1085 1476 Cui
1106 1443 1272 1482 proximus
1293 1442 1405 1474 unitur

1074 1491 1139 1524 Per
1162 1491 1269 1531 ipsum
1294 1489 1446 1523 feliciter.

941 1547 1003 1583 4b.
1026 1549 1203 1589 Apostolus
1230 1548 1345 1581 summi
1370 1548 1467 1589 regis,

1027 1596 1112 1636 Quid
1137 1597 1181 1629 sit
1204 1596 1375 1637 plenitudo
1400 1597 1494 1639 legis,

1073 1644 1251 1678 Manifeste
1278 1645 1399 1681 (locuit.

943 1701 1002 1736 5b.
1025 1702 1209 1743 Lapidatur
1234 1702 1275 1735 ab
1300 1703 1420 1747 impiis,

1025 1750 1182 1784 Afficitur
1208 1750 1347 1795 injuriis,

1077 1799 1155 1833 Cum
1183 1800 1302 1841 egisset
1326 1800 1371 1832 nil
1396 1809 1582 1841 perperam.

943 1857 1002 1892 6b.
1028 1857 1089 1898 Qui
1113 1859 1220 1899 primo
1245 1860 1378 1890 vocatus
1406 1858 1533 1900 Saulus,

1025 1906 1145 1939 Postea
1168 1905 1273 1939 factus
1297 1910 1349 1940 est
1373 1907 1492 1939 Paulus

1074 1956 1266 1988 Interventu
1289 1953 1455 1995 patientis.

943 2012 1004 2047 7b.
1026 2013 1117 2046 Inter
1142 2014 1307 2046 hominum
1332 2014 1422 2046 milia

1025 2061 1198 2094 Neminem
1222 2061 1298 2094 huic
1322 2062 1442 2095 similia

1075 2110 1291 2151 Perpctrasse
1313 2110 1463 2151 legimus.

943 2167 1003 2202 8b.
1028 2168 1143 2201 Gradu
1167 2169 1277 2201 stabat
1300 2167 1448 2210 inferior,

1028 2216 1142 2250 Coelos
1168 2217 1346 2250 ascendere
1371 2218 1463 2258 prior

1074 2266 1231 2299 Passione
1254 2266 1384 2300 meruit.

942 2322 1002 2356 9b.
1024 2323 1206 2357 Universae
1231 2324 1388 2357 bonitatis

1024 2371 1071 2404 Et
1094 2373 1193 2405 totius
1220 2372 1403 2405 sanctitatis

1073 2420 1195 2456 Forma
1220 2424 1270 2453 est
1295 2423 1328 2452 et
1353 2422 1530 2461 speculum.
