1652 2678
719 95 984 132 —269—

175 190 258 225 10a.
285 191 482 225 Nostrorum

285 239 398 273 infima
421 241 540 274 virium

285 289 440 321 virtutum
467 290 547 322 dans
572 290 667 324 nobis

286 337 492 378 charismata,

877 194 963 229 101).
990 193 1042 227 Ne
1066 193 1117 226 ira

985 246 1042 275 tua
1065 251 1123 275 nos
1149 243 1273 283 puniat,

986 291 1045 323 sed
1070 290 1172 323 hostis
1199 291 1344 332 depellas

984 339 1120 372 insidias

586 397 643 430 11.
669 397 714 430 Et
741 395 870 430 famulis
895 401 1087 439 perpetuam

670 446 828 479 concedas
854 445 1002 487 gratiam.

255 527 325 557 Cou.
340 529 524 559 Londinens.
542 531 628 559 Harl.
650 529 727 560 3908
747 539 824 560 saec.
850 529 895 560 12.
929 531 987 560 Mit
1000 531 1143 560 Neumen.
1159 547 1196 551 —
1211 530 1265 567 212,
1290 530 1311 560 4
1329 533 1386 561 tibi
1407 533 1511 562 damus

172 574 268 603 gegen
289 567 342 596 das
364 568 516 598 Versmass
536 570 599 599 und
619 571 700 599 wohl
720 578 774 598 aus
795 567 855 605 21³,
885 568 904 598 2
924 569 1029 599 hicher
1047 571 1246 608 verschleppt.
1267 585 1303 590 —
1324 569 1384 607 41›‚
1418 570 1432 601 l
1452 572 1512 600 Dc-

172 606 270 641 gente.
290 622 331 627 —
350 607 387 635 In
407 608 465 637 Str.
490 607 507 635 7
534 611 577 637 ist
600 608 808 638 versmasslich
835 610 891 637 wie
910 609 1108 638 musikalisch
1129 610 1180 638 der
1199 610 1427 639 Parallelismus
1446 619 1512 639 vcr-

172 643 323 673 kommcn.

568 779 634 812 356.
674 781 719 812 De
739 788 780 812 ss.
800 779 934 813 Nazario
957 780 990 812 et
1013 779 1109 812 Celso.

173 867 230 901 la.
255 868 356 901 Adsit
380 870 473 902 nobis
501 870 570 903 dies
596 871 691 911 laeta,

255 915 335 949 Dies
360 919 462 957 pacis,
488 918 545 951 lux
571 920 689 960 quieta,

306 964 385 997 Dies
411 967 509 1007 plena
535 968 663 1009 gaudio.

172 1023 233 1056 22.
260 1023 299 1055 In
326 1025 433 1056 aetate
457 1025 613 1064 pupillari

256 1070 420 1104 Christum
447 1072 558 1105 Celsus
583 1073 705 1106 imitari

303 1119 431 1152 Didicit
452 1120 597 1159 liberius,

171 1177 228 1210 3a.
255 1177 301 1210 Hi
326 1177 456 1217 probati
482 1182 557 1211 sunt
579 1180 702 1220 reperti

253 1224 339 1258 Dum
365 1228 529 1258 tormenta
552 1231 629 1259 sunt
655 1228 780 1269 experti

300 1274 434 1306 Anolini
458 1275 633 1316 praesidis,

168 1332 226 1364 4a.
254 1331 355 1366 Jubet
380 1331 468 1365 Nero
495 1331 734 1375 fraudulentus,

251 1379 298 1413 Ut
323 1380 367 1412 sit
390 1383 518 1421 martyr
540 1382 662 1416 Christi
686 1386 805 1425 tentus⁷

252 1427 350 1469 Cujus
378 1430 426 1462 rei
454 1429 520 1462 dux
546 1433 596 1462 est
619 1430 756 1474 Demus,

298 1476 398 1510 Miles
426 1478 668 1519 incompositus.

166 1537 223 1569 5a.
250 1535 350 1573 Nem,
377 1534 465 1568 feras
492 1536 567 1569 dum
595 1540 740 1579 venatur,

247 1583 301 1616 Ab
329 1583 451 1617 eisdem
476 1584 666 1618 vulneratur

251 1632 298 1664 Et
322 1641 452 1665 suorum
478 1642 556 1672 pars
582 1638 718 1667 necatur

297 1681 457 1713 Ferarum
481 1680 613 1716 ferocia.

166 1739 222 1771 62.
249 1738 367 1771 Larvis
395 1739 491 1771 deum
517 1740 684 1780 dissipatis

249 1786 349 1829 Nero,
377 1786 479 1820 fomes
505 1785 670 1830 falsitatis,

249 1835 316 1868 Dat
339 1835 456 1876 piratis
481 1836 515 1868 in
540 1837 714 1878 mandatis,

298 1884 480 1926 Martyrem
507 1885 724 1929 submergere,

164 1943 222 1976 7a.
248 1943 323 1977 Jam
350 1944 456 1975 securi
484 1943 525 1976 de
549 1943 675 1977 coronis

246 1991 293 2025 Et
318 1991 359 2024 de
385 1992 469 2025 veris
494 1991 557 2025 Dei
582 1992 675 2025 bonis

249 2040 334 2073 Suae
356 2040 463 2073 locum
487 2041 651 2081 passionis

300 2089 423 2123 Christi
448 2093 548 2123 testes
570 2090 702 2132 adeunt,

162 2148 219 2181 821.
247 2148 334 2188 Quos
362 2147 496 2180 immitis
521 2149 683 2181 Anolinus

244 2196 402 2229 Feritatis
427 2196 575 2238 pandens
596 2197 686 2230 sinus

291 2245 428 2279 Eversis
451 2246 628 2279 luminibus

159 2306 216 2339 9a.
246 2304 301 2338 Sic
325 2313 387 2345 pro
413 2304 493 2338 Jesu
518 2304 647 2338 Christo
673 2305 753 2337 secti

240 2355 273 2388 A
300 2354 427 2387 devotis
450 2356 526 2386 sunt
552 2354 681 2387 collecti

291 2403 336 2436 Et
361 2403 482 2445 sepulti
506 2403 633 2443 sedulo,

872 871 932 905 lb.

871 1024 931 1059 2b.

870 1178 929 1213 3b.

867 1333 928 1367 4b.

866 1536 925 1570 5b.

866 1739 926 1774 sb.

866 1942 926 1976 7b.

865 2146 924 2181 8b.

864 2303 922 2338 9b.

955 871 1034 904 Dies
1061 872 1158 911 celsa,
1187 871 1256 904 dies
1281 875 1384 913 grata,

956 919 1036 952 Dies
1063 919 1157 954 Celso
1185 919 1336 952 dedicata

1002 967 1104 1000 Simul
1130 970 1163 999 et
1187 967 1338 1000 Nazario.

955 1025 1014 1058 Cui
1038 1025 1124 1058 vitae
1150 1025 1367 1057 rudimentum

953 1074 999 1106 Et
1024 1073 1177 1114 baptismi
1201 1075 1439 1106 sacramentum

1003 1121 1147 1154 Contulit
1171 1121 1342 1154 Nazarius.

945 1179 1027 1212 -Nec
1050 1188 1111 1219 per
1134 1180 1238 1211 minas
1263 1178 1413 1212 Denobai

953 1227 1135 1259 Valuerunt
1157 1225 1260 1259 fortes
1286 1226 1372 1258 trahi

999 1275 1055 1307 Ad
1080 1277 1190 1308 votum
1215 1274 1411 1315 tyrannidis

951 1333 1063 1366 Nexus
1089 1332 1198 1365 ferens
1222 1336 1254 1365 et
1281 1332 1409 1365 dolores

950 1382 1073 1422 Flagra
1095 1381 1220 1421 sprevit
1246 1385 1279 1414 et
1302 1383 1456 1421 terrores,

948 1430 1029 1463 Mox
1054 1429 1253 1470 torquendus
1273 1431 1349 1470 post
1364 1431 1508 1461 tortores

1001 1477 1112 1511 Currit
1135 1486 1217 1518 puer
1239 1477 1382 1511 inclitus

948 1537 980 1569 A
1006 1536 1182 1577 splendore
1207 1536 1293 1569 sacri
1318 1536 1427 1568 vultus

951 1585 1082 1618 Clamor
1108 1588 1214 1617 cessat
1240 1587 1273 1617 et
1297 1584 1467 1623 tumultus,

950 1633 1201 1666 Commendatur
1225 1633 1289 1665 Dei
1313 1633 1418 1664 cultus

997 1681 1078 1714 Visa
1105 1681 1187 1714 lucis
1212 1681 1327 1722 gloria.

946 1740 1031 1780 Quos
1057 1747 1200 1772 emersus
1226 1740 1260 1771 in
1286 1740 1447 1770 momento

948 1787 1152 1821 Laborantes
1178 1787 1269 1827 gravi
1294 1790 1389 1819 vento

950 1836 1099 1877 Spiritali
1126 1836 1317 1868 documento

997 1884 1092 1917 Fecit
1117 1883 1245 1917 Christo
1271 1883 1416 1918 credere.

950 1942 1016 1975 Hic
1040 1942 1201 1983 germanis
1229 1942 1393 1975 destitutis

948 1991 1059 2024 Verba
1080 1999 1178 2024 verae
1205 1992 1285 2024 dant
1309 1991 1433 2032 salutis,

950 2039 1071 2081 Quibus
1097 2040 1161 2072 rite
1184 2041 1365 2079 persecutis

997 2088 1054 2121 Ad
1079 2096 1214 2130 agonem
1239 2088 1411 2130 prodeunt.

946 2147 1002 2180 Ad
1027 2150 1095 2179 tres
1117 2146 1229 2180 Moros
1257 2146 1331 2179 duci
1353 2147 1462 2188 jussit,

948 2196 1001 2230 Ibi
1025 2195 1124 2228 lictor
1145 2195 1203 2228 hos
1227 2196 1391 2236 percussit

997 2244 1146 2277 Reseetis
1173 2244 1345 2286 capitibus,

946 2302 1064 2345 Aegris
1091 2311 1201 2335 euram
1226 2302 1413 2345 largientes,

946 2354 1049 2387 Prcce
1075 2352 1187 2392 culpas
1213 2352 1415 2386 remittentes

997 2400 1202 2450 Supplicanti
1226 2401 1358 2447 populo.
