1652 2678
719 70 984 105 —256—

593 169 650 203 10.
678 168 762 207 Quos
788 167 901 200 beatus
926 166 1099 199 Severianus

676 215 816 255 Stupens
836 214 1000 247 auscultat
1024 214 1148 245 eminus

720 264 741 297 J
745 263 904 295 ubilantes
930 262 1074 302 alleluja..

258 331 378 360 Prosar.
400 339 455 358 ms.
476 330 705 358 Marcl1ianen=e
725 336 802 356 saec.
825 326 871 356 15.
893 327 963 355 end.
984 327 1135 355 Duaeens.
1158 323 1222 354 1:23.
1242 339 1282 344 —
1302 322 1363 359 2a,
1394 323 1410 352 1
1432 333 1524 360 pai-ee

185 371 238 398 Hs.
258 384 299 389 —
318 368 372 403 12³,
393 367 411 396 2
433 370 580 405 patriarce
599 367 656 395 Hs.
675 381 716 385 —
735 365 789 402 63,
813 365 828 394 1
849 367 924 394 Dies
945 366 1043 393 omnis
1063 366 1096 392 in
1116 365 1267 393 aerumnis
1289 363 1346 392 Hs.
1367 378 1404 382 -—
1425 363 1479 394 Tb,
1501 361 1523 391 2

184 408 272 443 Quod
292 408 442 436 substerni
462 407 518 434 Hs.

621 478 692 510 340.
733 477 778 510 De
798 478 905 510 sancto
927 477 1075 509 Mai-tino.

183 543 240 576 la.
265 541 499 574 Laetabundus
880 539 940 573 lb.
963 538 1155 572 Gratuletur

263 589 416 622 Exsultet
439 587 549 621 fidelis
570 588 698 629 chorus,
962 587 1019 620 Ad
1043 587 1149 619 saneti
1172 586 1311 619 Martini
1335 587 1449 619 laudes

313 637 468 676 Alleluja.
1013 635 1060 668 Et
1082 635 1269 676 praeconia.

183 697 242 729 2a.
268 694 410 734 Pauperi
435 694 634 735 compatiens
879 693 940 727 ab.
961 693 1095 726 Nudum
1119 694 1211 734 palla
1234 693 1389 726 vestiens.

264 742 384 775 Adhuc
409 742 649 775 catechuminus
962 743 1032 783 Qua.
1055 742 1209 775 vestitum
1232 741 1392 774 Dominus

314 790 502 825 Miseretur,
1011 791 1055 824 Se
1078 789 1211 824 fatetur.
1334 826 1340 829 ,

180 850 237 883 33.
263 847 339 881 Xon
362 851 529 889 protectus
555 849 659 889 clipeo
878 847 940 882 3b.
963 848 1095 889 Signum
1123 849 1227 881 crucis
1253 848 1421 889 praevium

264 896 346 930 Vult
367 896 477 928 hostili
504 905 603 929 cuneo
957 897 1137 929 Assumens
1160 896 1362 937 praesidium

311 944 460 987 obviare,
1013 944 1195 985 Singulare.

178 1003 237 1036 42.
263 1002 403 1035 Fontem
428 1002 499 1034 sitit
525 1002 694 1043 dogmatis,
876 1002 938 1036 412.
959 1002 1058 1034 Delet
1081 1002 1254 1036 idolatrias

263 1050 411 1083 Lavacro
437 1049 643 1090 baptismatis
958 1051 1147 1091 Purgatque
1170 1051 1346 1091 spurcitias

310 1098 498 1131 Renovatus
1006 1098 1053 1131 Et
1077 1102 1199 1131 reatus.

179 1157 237 1189 5a.
265 1155 382 1188 Obstat
407 1156 511 1187 crucis
536 1155 694 1197 hostibus,
877 1155 937 1189 5b.
958 1155 1046 1189 Dum
1070 1155 1141 1188 Deo
1167 1155 1342 1198 sacrificat,

261 1204 408 1244 Imperat
433 1203 654 1244 daemonibus,
964 1204 1088 1237 Globus
1112 1204 1198 1245 ignis
1222 1204 1358 1248 indicat,

260 1251 416 1284 Medetur
439 1251 648 1292 languoribus
961 1252 1055 1292 Quod
1080 1261 1153 1285 eum
1176 1251 1329 1293 purificat

309 1299 401 1332 Dans
428 1299 586 1333 levamen.
1010 1301 1147 1334 Sacrum
1170 1299 1300 1334 flamen.

178 1359 239 1390 6a.
264 1356 331 1389 Hie
353 1355 453 1389 fidem
477 1357 628 1395 adstruit,
877 1358 938 1392 6b.
962 1358 1057 1391 Cives
1082 1359 1221 1401 angelici

259 1404 305 1437 Et
330 1414 410 1445 quos
434 1414 522 1437 mors
542 1405 656 1449 tenuit,
959 1406 1076 1439 Laude
1098 1407 1273 1447 multiplici

308 1452 406 1485 Vitae
429 1453 583 1493 precibus
1009 1454 1173 1488 Defuncto
1198 1456 1362 1496 plaudunt

358 1501 512 1534 restituit.
1057 1502 1218 1544 pontifici.

255 1567 340 1595 Mic„
361 1576 406 1594 ms
437 1567 631 1595 Bisuntinum
658 1576 737 1596 saec.
765 1567 811 1596 15.
834 1568 905 1597 Cod.
925 1569 1077 1597 Bisuntin.
1104 1569 1151 1598 74.
1171 1571 1208 1598 A.
1229 1585 1267 1589 —
1286 1571 1373 1598 Miss.
1394 1581 1449 1600 ms.
1471 1571 1522 1599 Bi-

177 1607 331 1633 suntinum
357 1614 435 1633 saec.
464 1604 510 1634 15.
539 1606 611 1634 Cod.
637 1606 789 1636 Bisnnfiu.
822 1606 868 1635 77.
894 1608 930 1636 B.
949 1623 988 1627 —
1010 1607 1071 1643 112,
1093 1607 1112 1637 3
1141 1610 1208 1637 eine
1228 1609 1314 1638 Silbe
1333 1604 1523 1638 sjbersehuss

176 1644 512 1711 §ilelrdffgiegll'eliffintg
537 1659 573 1663 —
602 1642 662 1679 :3a‚
693 1643 711 1672 2
737 1646 827 1674 Ultra
853 1646 959 1675 hostili
986 1647 1022 1675 A.
1042 1664 1081 1668 —
1101 1646 1163 1681 611,
1192 1645 1210 1676 3
1230 1648 1378 1685 plaudant
1397 1649 1461 1677 ΑΒ.
1481 1664 1523 1669 -

626 1758 689 1790 341.
729 1759 775 1791 De
794 1761 904 1792 saneto
925 1760 1074 1795 Martino.

178 1820 234 1854 la.
261 1819 353 1852 Festi
379 1820 477 1852 decus
502 1821 689 1861 praeoptati
878 1822 939 1858 1b.
964 1824 1083 1864 Quanti
1107 1823 1216 1857 ferant
1241 1834 1298 1857 cor
1323 1825 1463 1867 ardoris,

263 1868 434 1909 Ampliare
458 1869 525 1901 sint
548 1870 667 1910 parati,
962 1870 1144 1905 Fateantur
1170 1882 1252 1906 voce
1277 1872 1369 1918 foris,

263 1917 323 1956 Qui
349 1920 534 1949 sanctorum
559 1918 706 1951 addicati
959 1920 1055 1953 Licet
1080 1924 1196 1954 cuncta
1221 1921 1418 1955 contessoris

310 1965 447 1998 Sumunt
469 1965 647 2007 benefioia;
1009 1969 1087 2002 Dici
1111 1973 1200 2003 vetet
1225 1971 1330 2011 copia.

178 2024 236 2057 Za.
261 2023 358 2055 'Vitae
383 2032 502 2064 panem
526 2026 625 2065 atque
647 2028 761 2065 potum
878 2027 937 2060 2b.
960 2027 1060 2060 Plebs
1085 2028 1145 2060 sub
1171 2031 1263 2061 tanto
1290 2027 1488 2072 confessore,

262 2071 497 2105 Consecrantes
521 2073 652 2105 solvunt
674 2076 787 2105 votum
962 2076 999 2109 Si
1021 2085 1088 2109 non
1111 2077 1275 2118 rhythmis
1297 2081 1354 2110 aut
1379 2086 1510 2120 canore,

262 2119 307 2152 Et
331 2120 372 2151 de
397 2129 524 2161 gemma
547 2121 752 2153 sacerdotum
960 2124 1066 2157 Donis
1090 2128 1199 2159 tamen
1225 2129 1285 2159 aut
1306 2125 1422 2159 favore

312 2168 436 2201 Ornent
457 2169 659 2212 sacerdotia3
1011 2173 1063 2206 Sit
1082 2174 1119 2206 in
1143 2175 1243 2207 laude
1266 2175 1366 2210 socia.

178 2227 236 2259 321.
264 2226 330 2259 Sed
354 2226 522 2259 mirandus
548 2230 599 2258 est
620 2227 781 2267 imprimis
878 2230 938 2265 3b.
960 2231 1048 2264 Nam
1071 2232 1113 2265 ab
1139 2242 1219 2266 aevo
1245 2233 1367 2274 puerili

260 2274 302 2306 In
324 2274 470 2306 Martino
495 2284 554 2307 rex
578 2275 737 2310 sublimis,
959 2280 1108 2321 Pompae
1130 2291 1253 2323 negans
1279 2291 1319 2315 se
1338 2282 1453 2318 hostili

261 2322 368 2355 Vallis
392 2323 489 2363 hujus
518 2331 610 2364 quem
637 2323 678 2355 ab
705 2323 780 2356 imis
962 2327 1200 2363 Catechismmn
1220 2331 1256 2363 in
1280 2331 1397 2372 gentili

311 2370 426 2402 Traxit
451 2371 495 2403 ad
519 2371 682 2406 sublimia.
1013 2377 1165 2419 Suscepit
1192 2378 1343 2414 infantia.
