1652 2678
744 48 1009 84 —210—

236 147 294 180 4a.
321 146 412 179 Haec
437 149 485 179 est
509 147 684 188 parabola:
928 143 989 177 4b.
1014 142 1114 175 Venit
1139 139 1212 174 fons
1238 138 1376 173 fontium

319 193 482 228 Johannes
504 195 613 236 aquila
1014 192 1045 223 A
1070 191 1180 222 monte
1205 189 1372 228 montium,

367 243 413 275 Et
438 243 585 277 Christus
612 242 684 275 fons
711 245 770 285 est,
1061 237 1147 270 Nam
1172 239 1268 278 pater
1291 245 1384 269 mons
1411 239 1471 270 est.

238 302 294 334 5a.
320 300 417 335 Mons
443 299 671 338 fertilissimus,
931 297 990 330 5b.
1014 296 1045 329 A
1071 304 1134 336 quo
1164 297 1240 327 sunt
1264 295 1373 328 omnia

319 349 621 382 Excellentissimus
1013 343 1060 377 Et
1085 342 1247 384 sapientia

365 397 411 429 Et
433 395 605 437 generalis,
1063 391 1296 426 coaeternalis.

235 456 293 488 Sa,
320 453 391 487 Sibi
416 455 467 485 est
489 451 604 485 fluvius
928 450 988 483 6b.
1011 448 1065 482 Ex
1090 449 1140 481 his
1165 449 1343 490 paraclitus

315 502 421 542 Ipsius
446 498 532 533 filius
1011 497 1167 531 Procedit
1192 497 1327 538 spiritus

362 547 617 581 Praecordialis:
1058 546 1104 578 Et
1122 546 1302 586 coaequalis

613 607 670 639 60.
698 605 790 637 Patri
816 606 849 636 et
873 603 951 644 filio,

694 652 739 685 Et
765 652 819 684 hic
845 655 894 685 est
916 652 1026 685 unctio

745 700 965 734 Medicinalis.

235 762 293 795 7a.
319 761 415 793 Hanc
440 759 664 792 celsitudinem
931 759 989 792 71).
1011 758 1130 792 Hausit
1151 758 1190 790 de
1213 756 1344 792 flumine

362 808 532 841 Trinitatis
1059 806 1191 847 pietatis

312 857 352 890 In
375 859 490 897 pectus
516 856 679 890 dormiens
1012 854 1187 896 Johannes‚
1209 854 1315 887 lilium

364 904 521 938 Veritatis
1060 902 1230 936 eastitatis.

231 965 290 999 8a.
318 963 366 996 Ob
391 963 453 994 hoc.
476 962 641 1002 persimile
927 961 987 995 eb.
1010 961 1067 994 Ad
1090 961 1242 993 thronum
1267 960 1408 994 aetheris

318 1010 492 1044 Confertur
516 1010 652 1053 aquilae,
1012 1009 1100 1049 Quae
1124 1009 1211 1042 voJat
1239 1009 1354 1042 ceteris

611 1070 667 1102 8c.
694 1068 803 1101 Altius
829 1067 942 1101 avibus

693 1116 740 1150 Et
763 1118 895 1157 praeest
919 1115 1076 1149 omnibus,

230 1178 287 1210 9a.
314 1175 359 1207 Et
382 1183 456 1207 suos
483 1174 592 1208 oculos
925 1173 982 1206 9b.
1006 1173 1126 1213 Figens
1151 1173 1276 1206 acutius

316 1223 355 1256 In
381 1222 458 1255 solis
484 1222 593 1255 radios
1010 1221 1110 1255 Videt
1134 1221 1294 1255 subtilius

205 1282 287 1315 loa.
315 1279 369 1313 Sic
395 1281 444 1312 est
468 1279 633 1313 Johannes
659 1280 712 1312 hic
901 1279 984 1313 10b.
1005 1279 1114 1311 Altius
1140 1278 1255 1311 ceteris

360 1327 529 1367 exaltatus,
1056 1328 1291 1367 contemplatus

312 1376 388 1409 Sole
409 1376 556 1416 justitiae
1007 1374 1124 1415 Deum,
1151 1385 1171 1408 a
1196 1384 1258 1416 quo
1283 1374 1344 1408 fuit

358 1423 585 1465 perlustratus,
1059 1423 1107 1455 sio
1131 1426 1277 1465 amatus3

316 1472 383 1511 Quo
410 1474 459 1504 est
483 1472 649 1512 theologus
1008 1471 1033 1505 O
1060 1480 1155 1511 quam
1178 1470 1242 1503 fuit
1265 1473 1328 1505 iste

363 1521 557 1561 appellatus,
1055 1519 1126 1551 Deo
1152 1523 1273 1561 gratus,

311 1568 349 1602 In
378 1567 499 1601 Christi
523 1568 644 1610 gremio
1009 1567 1066 1601 Cui
1091 1567 1262 1601 thesaurus
1288 1571 1338 1601 est
1362 1568 1415 1601 hic

360 1619 542 1659 soporatus,
1058 1617 1313 1650 commendatus.

205 1676 285 1709 lla.
315 1674 339 1707 O
367 1683 461 1715 quam
487 1673 550 1707 fuit
573 1674 667 1715 hujus
901 1673 984 1708 11b.
1010 1674 1106 1708 Nunc
1129 1675 1173 1707 ad
1199 1675 1385 1718 theologum

360 1725 474 1756 sancta
498 1723 577 1765 vita,
1058 1725 1285 1756 convertamur

312 1772 372 1805 Cui
398 1771 567 1804 commissa
593 1773 642 1804 est
665 1770 743 1803 ‘talis
1009 1771 1173 1811 Rogantes
1198 1772 1293 1816 hunc,
1322 1773 1372 1804 eui

357 1820 543 1860 margarita.
1055 1818 1262 1864 famulamur,

204 1879 286 1913 12a.
313 1879 373 1917 Qui
399 1880 506 1910 custos
529 1876 665 1918 virginis
900 1877 985 1911 1212.
1006 1879 1076 1911 Fae
1100 1887 1259 1919 gemmam
1283 1876 1427 1911 lucidam

355 1925 518 1967 specialiS,
1055 1935 1113 1958 nos
1139 1926 1262 1966 videre,

308 1975 483 2015 Johannes‚
512 1976 601 2007 casta
624 1982 676 2007 res
1010 1974 1111 2014 Quam
1136 1973 1254 2007 scimus
1275 1974 1347 2007 aliis

357 2022 525 2063 spiritalis,
1053 2022 1245 2063 praelucere

608 2079 665 2114 13.
691 2078 738 2111 Et
758 2078 807 2110 ita
832 2077 969 2111 dicitur:

740 2126 839 2159 maris
864 2127 969 2166 stella,

693 2174 782 2214 Quae
806 2174 877 2207 sola
900 2178 1006 2209 mater
1032 2179 1081 2209 est

740 2225 775 2254 et
797 2223 917 2263 puella.

280 2309 364 2338 Miss.
385 2318 439 2338 ms.
461 2307 652 2338 Carnotense.
674 2315 751 2336 saec.
774 2304 820 2335 12.
839 2306 909 2336 Cod.
926 2307 1097 2338 Oai-notens.
1119 2308 1186 2339 520.
1207 2326 1246 2332 —
1265 2310 1335 2339 Mel.
1357 2311 1388 2338 in
1401 2310 1538 2340 Neumen

203 2348 255 2376 auf
274 2347 395 2375 Linien.
418 2362 455 2368 —-
477 2347 529 2382 lb,
554 2346 569 2376 1
594 2347 699 2376 Adhuc
718 2346 774 2375 Hs.
795 2362 833 2366 —
853 2345 906 2382 cib,
927 2345 946 2374 2
967 2348 1076 2377 Amore
1096 2350 1243 2378 montium
1262 2351 1319 2379 Hs.
