1652 2678
732 129 995 166 —315—

191 222 251 256 2a.
277 222 343 255 Hic
368 224 509 258 Thomas
535 235 600 259 non
628 227 790 261 dubitavit

278 271 345 305 Sed
371 276 559 307 constanter
582 274 769 320 affirmavit,

276 319 399 353 Docuit
425 325 459 354 et
481 324 688 364 praedicavit

329 369 470 403 Sanctae
494 370 594 404 fidem
620 373 787 407 ecclesiae.

196 427 253 461 3a.
281 426 359 459 Sine
385 428 521 463 crimine
544 430 637 463 letali

280 474 360 508 Cum
385 476 510 510 honore
533 478 716 521 magistrali

278 523 325 556 Et
347 525 476 565 pudore
500 526 653 567 virginali

328 572 394 605 Hic
418 573 503 607 vixit
525 575 641 607 mundi
658 576 837 617 speculum.

194 630 252 663 4a.
280 630 414 663 Ordinis
441 632 707 672 praedicatorum

281 678 361 711 Cum
385 680 430 712 sis
456 689 582 721 gemma
606 680 838 723 confessorum,

278 726 407 760 Memor
433 737 563 769 semper
588 729 633 761 sis
658 732 797 771 tuorum,

328 775 454 808 Doctor
479 776 676 810 beatissime.

898 228 956 263 2b.
978 230 1052 263 Hoc
1076 228 1234 261 miracula
1257 230 1429 269 testantur,

981 278 1137 319 Linguae,
1164 285 1222 309 ora
1248 276 1324 309 dum
1349 275 1506 309 inflantur

981 326 1211 359 Detractorum
1236 325 1295 357 sed
1321 327 1475 357 curantur

1029 375 1094 408 Per
1119 375 1228 406 votum
1253 373 1482 413 poenitentiae.

898 431 957 466 3b.
982 431 1082 465 Suum
1106 431 1277 465 transitum
1301 430 1468 471 praedixit

982 481 1252 521 sepulturamque
1276 479 1397 511 indixit

984 527 1275 562 Circumstantibus
1302 530 1335 559 et
1360 527 1459 560 dixit:

1031 577 1200 618 Quiescam
1224 585 1257 608 111
1283 575 1457 610 saeculum.

897 633 959 668 4b.
981 634 1028 667 Ut
1052 637 1085 666 te
1112 633 1194 667 duce
1218 636 1463 674 consequantur,

984 682 1046 723 Qui
1070 685 1103 714 te
1127 684 1255 722 patrem
1279 683 1484 725 venerantur,

985 730 1093 764 Vitam
1117 729 1152 763 in
1177 739 1239 770 qua
1263 732 1452 763 recreantur

1030 779 1205 812 Beatorum
1231 778 1366 811 animae.

272 851 391 880 Prosar.
413 861 467 881 ms.
487 853 733 882 Praedicatorum
752 862 829 884 saec.
853 853 897 883 15.
919 854 991 883 Cod.
1011 855 1220 892 Andegavens.
1241 852 1288 883 90.
1304 869 1343 874 —-
1355 854 1442 883 Me1.:
1463 855 1540 882 Dia-

195 889 283 919 dema
303 891 445 920 salutare.
465 907 506 911 —
525 890 580 928 410,
604 890 622 921 3
643 901 704 929 qua
722 896 903 921 venerantur
926 894 983 922 Hs.

571 1025 636 1057 419.
677 1026 722 1057 De
746 1034 771 1057 s.
796 1025 914 1058 Thema
935 1025 1170 1058 cantuariensi.

197 1103 253 1137 la.
281 1103 495 1137 Renovantur
520 1105 619 1138 hodie

280 1151 367 1185 Urbi
393 1152 587 1186 Cantuariae

327 1200 491 1234 Rediviva
515 1202 645 1243 gaudia,

195 1259 252 1291 2a.
281 1258 347 1291 Res
373 1259 527 1292 solemnis
553 1260 670 1301 agitur,

279 1307 362 1348 Quia
386 1307 531 1340 Thomae
555 1308 713 1348 panditur

329 1355 443 1389 Virtus
470 1359 502 1389 et
526 1356 675 1398 victoria,

195 1415 255 1449 3a.
280 1414 368 1447 Vere
391 1414 442 1447 vir
466 1414 522 1446 hic
545 1415 689 1456 inclitus,

279 1462 388 1503 Large
413 1463 519 1495 sancti
543 1463 679 1504 spiritus

329 1510 508 1544 Debriatus
533 1512 649 1553 gratia,

198 1570 259 1604 4a.
284 1568 342 1601 Nil
367 1570 526 1609 primatus
551 1570 703 1611 Angliae,

284 1616 342 1649 Nil
364 1617 452 1649 hunc
475 1618 578 1650 movit
601 1619 712 1659 regiae

332 1665 519 1705 Majestatis
544 1667 659 1708 gratia,

201 1726 253 1759 5a.
280 1723 353 1756 Rex
378 1723 413 1755 in
435 1723 520 1755 iram
545 1725 695 1767 vertitur,

285 1770 502 1806 confiscanda
526 1773 694 1814 quaeritur

333 1820 500 1854 Praesulis
525 1821 727 1863 substantia3

199 1881 257 1914 6a.
285 1879 311 1913 Ο
338 1887 408 1911 rem
432 1879 528 1911 nimis
554 1888 715 1921 asperam,

282 1928 400 1961 Altera
425 1931 502 1968 post
528 1928 667 1961 alteram

332 1976 488 2018 Sequitur
511 1977 651 2019 inJ'uria3

200 2037 256 2071 va.
282 2035 378 2078 Fuga
403 2044 439 2067 se
465 2035 513 2068 sic
534 2035 664 2077 liberat,

285 2083 352 2117 Sed
376 2093 441 2117 non
466 2084 550 2116 iram
576 2087 739 2126 temperat

331 2133 483 2166 Potestas
509 2132 656 2174 nefaria3

199 2194 256 2227 8a.
285 2190 350 2233 Sic,
377 2191 426 2223 sic
450 2191 573 2233 absque
598 2192 708 2233 gladio

283 2240 480 2281 Triumphat
503 2241 662 2281 martyrio

332 2289 499 2322 Praesulis
521 2290 715 2331 constantia,

198 2350 256 2384 9a.
282 2349 373 2382 Fuso
399 2348 528 2381 demum
552 2348 709 2390 sanguine

281 2397 418 2439 Duplici
443 2398 621 2431 certamine

329 2446 481 2480 Meretur
507 2447 670 2488 coelestia,

898 1105 958 1141 1b.
982 1106 1054 1139 Nec
1077 1107 1183 1138 minus
1209 1106 1365 1138 ecelesiae

982 1154 1058 1187 Toti
1082 1164 1144 1195 par
1168 1154 1294 1187 laetitia

1030 1202 1195 1235 Redditur
1220 1202 1368 1237 materia.

899 1259 959 1295 ab.
982 1260 1126 1292 Thomae
1149 1259 1281 1300 inquam
1305 1260 1421 1302 incliti,

982 1307 1080 1349 Cuius
1106 1307 1169 1340 fuit
1192 1308 1301 1340 meriti

1031 1356 1107 1390 Pati
1131 1364 1191 1396 pro
1214 1356 1352 1396 justitia.

898 1413 958 1449 3b.
982 1414 1097 1447 Mente
1122 1414 1251 1446 calcans
1276 1416 1386 1446 terrae

982 1462 1054 1495 Nec
1080 1463 1114 1495 in
1140 1470 1239 1494 carne
1265 1471 1383 1494 carnea

1033 1511 1177 1552 Sequens
1204 1510 1377 1544 desideria.

898 1569 960 1603 4b.
983 1569 1159 1609 Quominus
1185 1571 1357 1608 assereret,

983 1618 1135 1658 Quaeque
1159 1619 1250 1649 reeta
1275 1617 1436 1660 crederet,

1033 1666 1130 1699 Licet
1151 1665 1222 1706 regi
1244 1665 1367 1706 gravia.

903 1724 963 1759 5b.
984 1724 1056 1757 Nec
1080 1725 1115 1756 in
1142 1723 1193 1755 his
1219 1724 1391 1765 avertitur,

987 1772 1054 1805 Sed
1077 1771 1186 1805 adhuc
1211 1771 1397 1804 extenditur

1036 1820 1164 1853 Furens
1189 1829 1303 1852 manus
1329 1820 1428 1861 regia.

903 1879 962 1914 eb.
985 1879 1092 1919 Quare
1115 1881 1246 1911 sanctus
1272 1878 1415 1919 Domini,

987 1927 1039 1960 Ne
1064 1927 1224 1960 subdatur
1248 1927 1381 1970 homini,

1034 1976 1144 2017 Fugit,
1170 1975 1290 2007 transit
1313 1976 1428 2008 maria.

903 2034 963 2069 ¹7b.
986 2035 1025 2068 In
1051 2042 1126 2067 suos
1151 2033 1327 2075 invehitur,

985 2083 1149 2116 Exsulare
1171 2082 1297 2123 cogitur

1034 2132 1155 2172 Mater,
1179 2140 1291 2172 nurus,
1316 2130 1395 2166 filia.

903 2190 965 2226 8b.
987 2190 1074 2223 Dum
1099 2190 1166 2223 suis
1192 2190 1399 2231 compatitur,

986 2239 1074 2272 Dum
1099 2240 1191 2271 tanta
1217 2236 1404 2271 confoditur

1037 2288 1175 2321 Suorum
1198 2287 1340 2321 miseria.

904 2346 964 2382 9b.
986 2346 1076 2381 Coeli
1103 2345 1219 2387 dignus
1242 2345 1384 2387 sedibus,

989 2395 1118 2429 Sanctis
1145 2403 1277 2428 consors
1304 2395 1451 2428 omnibus

1039 2443 1170 2478 Gaudet
1193 2453 1280 2477 nunc
1304 2444 1338 2477 in
1364 2445 1479 2487 gloria.
