1652 2678
685 125 725 130 —-
778 105 848 142 243
898 125 947 130 —-

166 201 225 234 32.
252 200 340 234 Puer
365 200 474 234 adhuc
500 202 681 235 duodennis
873 203 933 239 3b.

252 248 328 282 Non
353 250 512 282 humanae
535 250 593 283 sed
618 251 770 292 perennis

298 297 396 331 Vitae
419 307 577 338 quaerens
603 300 736 341 gaudia,

251 345 303 378 Ne
329 347 477 379 colantur
500 347 600 388 idola,

250 394 411 427 Hortatur
438 394 634 428 Christicola

298 442 439 476 Ratione
463 443 610 484 praevia.

253 499 345 540 Quod
367 503 403 534 ut
420 501 511 533 novit
531 502 597 535 dux
614 501 782 544 profanus,

250 549 290 582 In
307 549 394 582 hunc
411 551 558 582 sanctum
572 550 653 590 jecit
668 559 782 583 manus

297 597 400 630 Ducis
423 597 640 631 inclementia.

251 654 382 695 Martyr
407 655 494 687 enim
518 655 632 688 firmae
655 656 773 688 mentis

250 702 450 736 Exsultabat
473 703 508 735 in
533 704 703 736 tormentis

296 751 387 784 Dans
420 750 549 784 Christo
574 753 760 791 praeconia,

250 807 340 850 Ergo
367 807 431 841 sibi
456 812 699 849 praesentatum

251 856 355 889 Donis
381 857 503 889 mulcet
529 858 722 898 dignitatum

298 906 521 938 Praetendens
545 906 703 948 insignia3

249 963 280 995 A
306 965 477 1003 parentum
505 964 686 1004 disciplinis

248 1012 363 1052 Neque
387 1020 486 1053 prece
510 1021 615 1053 neque
639 1013 735 1045 minis

297 1060 444 1100 Tyranni
470 1060 603 1093 vesania

250 1116 467 1150 Devorandus
494 1117 572 1150 feris
600 1118 706 1159 datur,

250 1164 316 1197 Sed
340 1166 376 1197 in
402 1174 520 1206 agnum
546 1169 761 1199 commutatur

296 1213 454 1246 Ferarum
479 1213 633 1254 saevitia3

244 1271 328 1304 Inde
353 1274 476 1312 sanem,
502 1280 585 1313 quae
609 1276 777 1314 parantur,

250 1319 345 1352 Circa
371 1328 487 1360 corpus
513 1321 721 1361 applicantur

291 1367 496 1409 Lampadum
521 1369 683 1409 incendia,

247 1425 371 1458 Videns
393 1426 497 1466 judex
521 1435 582 1459 nec
606 1427 777 1460 tormentis
838 1428 921 1462 lob.

242 1474 339 1506 Hunc
351 1483 413 1507 nec
426 1472 514 1507 flecti
531 1475 775 1517 blandimentiS,

242 1522 313 1555 Nec
338 1533 357 1555 a
382 1522 449 1556 fide
474 1533 552 1556 suae
577 1524 695 1556 mentis

289 1571 414 1604 Mutari
441 1572 666 1613 constantiam,

247 1629 318 1662 Deo
345 1638 484 1670 namque
508 1632 696 1671 protectore

245 1677 346 1710 Nullo
370 1678 479 1710 laesus
506 1681 556 1711 est
581 1679 710 1721 ardore,

245 1725 316 1758 Nec
340 1726 374 1758 in
400 1728 491 1758 veste
514 1734 576 1759 nec
600 1727 634 1759 in
660 1736 718 1761 ore

165 502 223 535 4a.
867 502 928 538 4b.

166 656 224 689 5a.
870 656 928 692 5b.

165 810 221 842 6a.
867 810 926 845 6b.

164 964 222 996 7a.
868 964 927 999 7b.

163 1118 223 1151 8a.
866 1120 926 1154 8b.

162 1272 219 1306 9a.
864 1274 923 1308 9b.

135 1426 216 1459 lOa.

135 1629 220 1663 1111.
838 1631 922 1664 1112.

292 1774 374 1807 Visa
399 1777 448 1806 est
471 1775 660 1808 combustio.

244 1832 396 1866 Pretiosa
421 1832 543 1865 Christi
568 1841 654 1874 rosa,

242 1881 302 1914 Pio
329 1882 398 1922 regi
423 1890 483 1914 nos
508 1885 693 1924 praesenta,

241 1930 307 1963 Per
325 1939 419 1970 quem
432 1939 555 1970 poenas
570 1933 602 1962 et
614 1933 777 1963 tormenta

240 1978 412 2017 Devicisti,
439 1981 567 2020 martyr
593 1978 726 2023 Christi,

292 2027 423 2060 Christo
447 2027 582 2068 placens
607 2027 727 2064 hostia.

136 1834 219 1867 1221.
841 1833 922 1867 12b.

204 2113 289 2142 Miss.
310 2123 364 2142 ms.
388 2112 473 2142 Card.
495 2114 588 2143 Rolin
608 2123 685 2143 saec.
709 2113 754 2144 15.
777 2114 850 2143 cod.
871 2115 940 2144 Sem

958 204 1103 237 Fervens
1129 204 1199 236 zelo
1226 204 1382 246 caritatis,

951 252 1060 286 Rebus
1086 252 1153 284 suis
1179 252 1318 293 erogatis

1002 301 1185 342 Oppressus
1206 300 1328 341 inopia,

954 349 1118 382 Christum
1143 349 1248 381 Deum
1271 349 1452 389 praedicat,

952 398 1052 438 Quem
1076 397 1176 438 signis
1202 396 1396 440 magnificat,

999 447 1045 480 Et
1069 445 1224 478 virtutum
1248 445 1364 486 gratia.

950 503 1100 545 Dumque
1124 506 1254 536 sanctus
1277 503 1325 535 sic
1342 504 1481 543 tenetur,

951 551 1078 585 Nomen
1103 551 1222 584 Christi
1246 550 1418 584 confitetur

1001 599 1170 633 Constanti
1194 599 1323 633 fiducia.

952 657 1017 690 Sed
1042 661 1202 699 tyrannus
1229 657 1439 698 debachatur,

953 705 1086 745 Quando
1113 705 1177 738 sibi
1200 706 1370 738 nuntiatur

1002 753 1164 787 Certantis
1191 755 1383 787 constantia.

949 811 1479 855 Nuncminatur,nuncblanditur,

951 859 1017 892 Sed
1043 859 1093 892 vir
1117 863 1248 892 sanctus
1272 860 1438 892 invenitur

998 908 1144 941 Invictus
1169 917 1230 948 per
1254 908 1371 941 omnia.

948 965 1045 998 Illum
1070 965 1159 997 valet
1184 974 1343 1006 amovere,

950 1013 1065 1054 Neque
1089 1016 1226 1054 possunt
1249 1013 1335 1045 hunc
1357 1016 1482 1046 terrere

998 1062 1079 1094 Tam
1107 1062 1188 1094 dura
1212 1060 1346 1102 flagitia.

948 1119 1040 1151 Haec
1056 1119 1217 1152 submissa
1232 1119 1335 1160 pedes
1353 1118 1478 1159 lambit,

949 1168 1042 1200 Haec
1058 1168 1210 1207 amplexu
1232 1167 1349 1200 collum
1367 1166 1478 1208 ambit,

997 1216 1056 1249 Pia
1082 1215 1163 1248 dans
1189 1215 1352 1256 obsequia.

946 1273 1011 1306 Sed
1036 1282 1097 1314 per
1120 1273 1180 1305 illa
1204 1281 1266 1305 nec
1293 1273 1413 1305 doloris

946 1321 1025 1354 Ulla
1049 1320 1142 1361 signa
1167 1330 1228 1353 neo
1252 1320 1380 1353 ardoris

996 1370 1169 1410 Apparent
1192 1369 1339 1409 vestigia.

944 1427 1077 1460 Fornax
1099 1427 1196 1467 jubet
1219 1427 1425 1466 incendatur,

944 1476 985 1508 In
1011 1485 1075 1517 qua
1098 1478 1225 1516 martyr
1252 1475 1469 1514 comburatur,

946 1523 1012 1557 Sed
1035 1532 1096 1557 nec
1111 1532 1172 1564 per
1191 1525 1275 1556 hanc
1291 1523 1483 1556 molestatur

995 1572 1067 1605 Nec
1092 1572 1193 1605 sentit
1218 1571 1410 1613 angustiam.

945 1630 1034 1671 Ignis
1058 1629 1143 1663 enim
1170 1633 1283 1662 contra
1307 1637 1431 1661 morem

945 1679 1068 1711 Rorem
1093 1678 1200 1718 spirat
1223 1686 1291 1710 non
1315 1677 1477 1715 ardorem,

948 1726 1070 1760 Christi
1090 1726 1183 1766 juvat
1210 1726 1404 1759 bellatorem

994 1775 1196 1816 Angelorum
1223 1774 1344 1807 concio.

942 1832 990 1866 Ut,
1013 1836 1047 1865 te
1074 1832 1158 1865 duce
1181 1841 1260 1865 vera
1284 1832 1358 1864 luce

947 1881 1134 1914 Mereamur
1161 1881 1315 1914 collocari

946 1930 992 1963 Et
1018 1939 1090 1962 cum
1115 1930 1238 1962 sanctis
1266 1929 1403 1973 epulari,

946 1978 1013 2012 Ubi
1040 1979 1147 2018 datur,
1175 1978 1263 2019 quod
1289 1980 1431 2019 optatur,

998 2027 1084 2069 Vita,
1111 2036 1176 2067 pax
1203 2030 1236 2059 et
1260 2027 1376 2067 gloria.

942 2115 983 2142 in.
1003 2114 1153 2142 Aeduens.
1177 2111 1242 2141 110.
1263 2113 1299 2140 A.
1330 2128 1371 2133 —
1397 2111 1483 2140 Miss.

127 2162 181 2181 ms.
205 2152 293 2182 Card.
314 2153 407 2182 Rolin
435 2162 513 2181 saec.
536 2152 581 2183 15.
603 2152 675 2184 Cod.
698 2154 802 2183 Semin
822 2154 970 2182 Aeduens.
995 2151 1058 2181 114.
1080 2153 1115 2181 B.
1143 2169 1182 2173 —
1210 2153 1296 2180 Miss.
1317 2160 1372 2179 ms.
1395 2149 1481 2180 Gard.

126 2192 220 2221 Rolin
248 2200 326 2220 saec.
355 2190 402 2221 15.
433 2191 504 2220 Cod.
532 2193 644 2222 Semin.
672 2194 823 2222 Aeduens.
848 2203 872 2222 s.
898 2194 945 2229 sig

946 2202 975 2220 n.
1005 2193 1037 2221 C.
1065 2208 1104 2213 ——
1127 2192 1215 2220 Miss.
1243 2199 1298 2219 ms.
1326 2190 1485 2219 Aeduense

126 2240 205 2260 saec.
230 2229 275 2260 15.
299 2231 371 2260 Ood.
388 2231 501 2261 Semin.
520 2231 669 2261 Aeduens.
693 2230 757 2262 115.
773 2233 810 2261 D.
832 2247 870 2252 —-
889 2232 975 2261 Miss.
998 2241 1052 2260 ms.
1067 2230 1226 2259 Aeduense
1247 2238 1325 2258 saec.
1349 2228 1394 2258 15.
1411 2227 1483 2256 Cod.

125 2270 238 2299 Semin.
268 2270 418 2300 Aeduens.
450 2268 515 2298 117.
539 2271 577 2299 Ε,
603 2287 642 2291 -—
667 2272 753 2301 Miss.
781 2281 836 2300 ms.
864 2271 1022 2301 Aeduense
1051 2272 1124 2299 anni
1152 2268 1236 2298 1476.
1269 2269 1341 2297 Cod.
1371 2268 1482 2297 Semin.

123 2310 275 2340 Aeduens.
300 2307 355 2339 118
376 2311 435 2339 bis.
454 2307 490 2338 F.
512 2327 553 2331 —
571 2311 655 2339 Miss.
677 2321 733 2340 ms.
753 2311 912 2340 Aeduense
932 2319 1010 2339 saec.
1034 2309 1078 2339 15.
1105 2309 1176 2338 Cod.
1199 2309 1311 2338 Semin.
1333 2308 1483 2336 Aeduens.

126 2347 193 2378 123.
215 2349 251 2379 G.
278 2364 318 2369 —
343 2350 431 2379 Miss.
457 2359 513 2378 ms.
534 2349 691 2379 Aeduense
718 2359 797 2380 saec.
820 2349 866 2379 15.
890 2350 962 2379 Cod.
983 2350 1097 2379 Semin.
1119 2349 1269 2377 Aeduens.
1299 2345 1364 2376 124.
1384 2348 1425 2376 H.
1446 2360 1486 2365 -

126 2389 207 2418 Grad
238 2398 295 2418 ms.
322 2389 482 2418 Aeduense
511 2397 588 2418 saec.
618 2388 663 2419 15.
692 2390 764 2420 God.
793 2390 905 2419 Semin.
932 2389 1081 2418 Aeduens.
1111 2397 1135 2416 s·
1164 2389 1243 2425 sign.
1271 2388 1296 2416 I.
1326 2403 1366 2409 —
1394 2385 1485 2416 Mem

123 2428 246 2458 Laudes
271 2430 378 2458 crucis.

1241 2474 1300 2505 16*ε
