1652 2678
788 105 1045 143 *134—

251 209 309 241 Sa.
335 206 435 247 Ergo,
459 207 589 247 praesul
615 207 746 247 pietatis
946 204 1008 238 8b.
1031 204 1077 237 Ut
1101 205 1237 244 paterno
1262 202 1438 242 imploratu

333 254 380 287 Et
404 258 529 287 amator
555 255 710 297 caritatis,
1029 251 1080 284 Ab
1106 254 1238 283 aeterno
1265 249 1408 282 cruciatu

382 303 429 335 Te
453 312 633 343 precamur,
949 315 952 318 ·
1078 299 1147 331 Nos
1178 298 1296 330 educas

386 352 445 391 Qui
470 361 632 384 moramur
1076 347 1124 380 Et
1146 347 1308 387 perducas

433 399 498 432 Sub
523 403 575 431 tua
606 398 759 440 custodia,
1129 395 1206 428 Cum
1233 395 1323 435 pacis
1347 393 1475 426 laetitia

713 457 743 489 9.
771 455 808 487 In
836 454 966 486 coelesti
990 454 1103 494 gloria.

326 535 416 569 Trop.
443 540 497 560 ms.
525 533 739 559 cameracense
764 539 840 558 saec.
869 527 944 557 ¹⁰f11.
974 529 1044 558 Cod.
1078 529 1283 557 Cameracens.
1311 526 1357 556 79.
1377 529 1413 556 A.
1435 542 1467 548 —
1493 528 1583 563 Trop.

250 582 300 601 ms,
328 572 541 599 Cameracense
566 578 643 598 saec.
661 568 735 597 Ulia.
760 569 831 597 cod.
855 569 1061 597 Carneracens.
1083 566 1131 596 61.
1155 568 1187 596 B.
1208 583 1244 587 —
1265 568 1350 595 Miss-
1371 576 1426 595 ms.
1448 567 1585 594 Camera-

251 621 336 640 censc
358 619 434 638 sacr.
462 607 507 637 14.
529 607 598 637 Con.
622 607 825 636 Cameracens.
849 605 913 636 180.
932 607 963 636 C.
997 624 1018 628 -
1031 607 1116 636 Miss.
1137 616 1191 635 ms.
1210 606 1421 634 Cameracense
1439 613 1516 633 sace.
1540 602 1584 632 14.

251 650 321 678 (lod.
344 650 546 676 Camoracens.
576 645 631 675 123
656 647 722 675 add.
744 655 820 674 saec.
845 645 888 674 15.
909 647 947 674 D.
967 663 1007 667 —
1025 647 1110 674 Miss.
1132 645 1344 674 Cameracense
1364 646 1436 681 imp.
1457 644 1583 672 Parisiis

252 687 325 716 1542·
355 687 392 714 E.
413 701 451 706 —
473 687 558 714 MeL:
590 686 699 714 Mane
719 687 842 722 prima
862 685 1031 713 Sabbati.
1064 702 1101 706 ὴ-
1131 683 1155 718 1,
1176 684 1194 713 3
1220 687 1266 713 est
1284 684 1359 711 fehlt
1377 683 1414 711 E.
1434 699 1474 704 —
1497 683 1549 717 3a,
1569 680 1585 710 1

251 729 308 762 Qui
330 731 447 754 teri-vna
470 725 505 753 Ε.
529 742 567 745 -
584 724 634 758 721,
659 723 673 752 1
695 728 784 762 quarn
804 725 880 753 fehlt
898 724 935 752 Ε.
950 739 991 744 -—
1010 722 1063 759 Sb,
1088 722 1102 752 1
1123 725 1168 753 Ut
1186 726 1312 761 patrono
1336 723 1374 753 E.

695 834 755 866 176.
796 834 839 866 De
861 834 969 866 sancto
990 833 1141 865 Auberto.

252 918 309 951 la.
336 915 519 949 Offerantur
542 915 574 947 in
601 916 662 948 hac
689 916 741 947 die
949 916 1006 949 1b.
1028 915 1115 947 Dum
1141 914 1277 946 effundit
1300 913 1390 954 patri
1414 916 1493 945 vota.

336 963 451 1005 Gregis
477 965 580 996 nostri
605 965 719 997 laudes
744 964 820 1004 piae
1030 964 1191 996 Filiorum
1215 971 1306 994 mens
1334 962 1461 1001 devota,

379 1012 527 1045 Glorioso
556 1012 711 1055 praesuli,
1077 1011 1182 1044 Dulce
1207 1013 1321 1042 sonent
1345 1010 1480 1043 moduli.

251 1073 307 1105 2a.
337 1070 438 1103 Cedat
450 1079 594 1111 prorsus,
613 1070 769 1111 quidquid
782 1080 886 1103 maes-
947 1070 1008 1105 21).
1029 1070 1101 1102 Nec
1125 1069 1292 1102 discordet
1320 1068 1437 1100 chorus
1460 1068 1534 1109 iste,

654 1121 732 1159 tum,

335 1166 499 1207 Quidquid
523 1175 621 1207 grave
644 1167 698 1199 vel
721 1166 876 1199 infestum
1031 1166 1224 1199 Nubilosum
1251 1165 1328 1206 quid
1355 1168 1411 1197 aut
1435 1165 1530 1197 triste

382 1215 421 1247 In
446 1213 529 1247 festo
555 1214 729 1255 pontificis,
1080 1214 1174 1247 Sonis
1198 1214 1337 1246 miscens
1362 1214 1504 1247 musicis,

252 1276 309 1309 Sa.
337 1272 421 1305 Dum
447 1273 585 1305 accessit
609 1273 661 1305 vir
685 1273 799 1305 beatus
948 1272 1006 1306 3b.
1029 1273 1129 1305 Multi
1153 1272 1307 1305 mundum
1334 1272 1535 1312 reliquerunt

335 1321 389 1353 Ad
415 1321 568 1353 honorem
593 1322 798 1361 praesulatus
1030 1321 1076 1354 Et
1100 1321 1142 1353 ad
1170 1320 1334 1354 Christum
1360 1322 1574 1353 cucurrerunt

383 1369 497 1401 Multis
523 1367 616 1401 fulsit
638 1370 770 1410 meritis,
1077 1370 1132 1402 Ad
1157 1378 1270 1402 vocem
1294 1369 1459 1402 antistitis.

252 1431 309 1462 4a.
338 1427 587 1460 Waldetrudem
613 1436 683 1459 cum
709 1428 825 1460 marito
947 1428 1008 1463 4b.
1030 1427 1085 1461 Sic
1108 1428 1240 1460 honoris
1265 1427 1405 1468 implens
1432 1436 1511 1459 onus

335 1475 452 1508 Mundi
479 1475 563 1507 curis
591 1476 742 1516 expedito
1029 1476 1226 1509 Intendebat
1249 1479 1363 1517 pastor
1389 1476 1492 1508 bonus

385 1524 554 1557 Convertit
578 1524 620 1557 ad
645 1524 828 1564 Dominum,
1078 1525 1134 1557 Ad
1159 1525 1296 1557 salutem
1320 1525 1496 1557 hominum.

253 1585 309 1617 5a.
337 1581 503 1615 Persuasit
527 1583 726 1624 Aldegundi‚
949 1583 1008 1617 5b.
1027 1583 1074 1616 Et
1097 1583 1278 1616 sacrandae
1305 1583 1393 1614 misit
1418 1583 1537 1625 velum,

335 1630 380 1664 Ut
401 1631 515 1663 relicto
540 1631 619 1664 luxu
644 1631 757 1664 mundi
1030 1632 1151 1665 Patens
1175 1632 1280 1672 patris
1305 1640 1404 1672 prece
1431 1631 1566 1672 caelum,

386 1679 512 1720 Sponsa.
538 1679 659 1713 Christi
688 1679 791 1719 fieret,
1081 1680 1168 1713 Dum
1192 1680 1279 1712 hanc
1303 1680 1522 1712 benediceret.

255 1741 311 1774 Ga.
338 1737 553 1770 Landelinum
578 1747 642 1770 vox
667 1747 818 1779 superna,
951 1738 1009 1773 6b.
1031 1739 1212 1771 Revocavit
1234 1747 1333 1779 prece
1357 1738 1462 1779 patris

337 1786 410 1819 Jam
436 1789 619 1819 currentem
645 1787 686 1819 ad
712 1786 842 1820 inferna
1032 1787 1078 1820 Et.
1102 1787 1145 1820 ad
1171 1787 1276 1819 sinum
1302 1790 1435 1820 sanctae
1458 1790 1573 1822 matris

384 1836 450 1868 Per
473 1835 543 1868 vias
568 1836 742 1876 nequitiae,
1081 1836 1228 1869 Reduxit
1253 1836 1420 1869 ecclesiae.

255 1897 311 1929 Ta.
337 1894 409 1927 Rex
438 1894 580 1927 exsultat
604 1894 820 1935 Dagobertus‚
950 1895 1009 1930 7b.
1031 1894 1103 1927 Nec
1126 1895 1273 1935 ingratus
1301 1898 1431 1927 exstans
1459 1895 1489 1927 ei

335 1942 421 1975 Dum
447 1943 576 1976 adscire
602 1943 670 1975 vult
694 1943 859 1976 Aubertus
1034 1943 1143 1985 Large
1169 1944 1253 1978 ditat
1278 1943 1407 1976 domurn
1432 1944 1496 1976 Dei

382 1991 533 2024 Eundem
557 1991 710 2033 hospitio,
1082 1992 1191 2024 Villae
1216 1991 1385 2025 beneficio.

255 2053 312 2085 8a.
341 2048 396 2081 Sic
420 2049 546 2090 adjuvit
570 2050 683 2081 vivens
707 2050 825 2082 multos
951 2050 1009 2084 8b.
1033 2049 1118 2082 Nam
1142 2050 1177 2082 in
1202 2059 1321 2082 vanum
1346 2059 1411 2082 non
1426 2051 1589 2092 laborant,

337 2097 408 2130 Nec
434 2098 562 2130 desistit
585 2101 661 2138 post
685 2098 829 2138 sepultos
1031 2097 1114 2138 Ejus
1139 2107 1232 2139 opem
1260 2099 1335 2131 dum
1360 2099 1548 2141 implorant,

386 2147 555 2187 Adjuvare
582 2147 716 2186 cineres
1082 2147 1220 2189 Aegroti
1245 2148 1297 2180 vel
1322 2157 1495 2189 pauperes,

256 2207 314 2239 9a.
338 2206 421 2245 Ave,
447 2204 578 2245 praesul
605 2204 756 2244 gloriose,
951 2204 1010 2237 9b.
1033 2204 1124 2237 Tuae
1147 2205 1252 2238 virtus
1278 2207 1460 2239 sanctitatis

339 2253 437 2293 Quem
462 2253 619 2285 virtutum
644 2255 761 2284 ornant
786 2260 889 2293 rosae,
1035 2253 1104 2286 Nos
1131 2255 1284 2287 emundet
1308 2264 1328 2287 a
1349 2255 1492 2295 peccatis

339 2305 440 2340 Quem
463 2301 624 2334 honorant
648 2301 827 2333 luminosae
1036 2301 1082 2334 Et
1109 2303 1269 2343 perducat
1294 2312 1366 2335 cum
1387 2303 1493 2336 beatis

389 2349 481 2383 Cives
507 2358 617 2382 omnes
641 2349 777 2389 patriae.
1084 2351 1139 2383 Ad
1164 2360 1314 2384 coronam
1332 2352 1465 2392 gloriae.

332 2426 417 2453 Miss.
437 2435 491 2453 ms.
513 2425 726 2453 Cameracense
746 2433 822 2452 saec.
849 2422 892 2452 14.
915 2424 987 2452 Cod.
1011 2425 1217 2456 Cameracens.
1240 2424 1306 2454 223.
1330 2426 1396 2454 add.
1418 2436 1495 2456 saec.
1520 2428 1565 2459 15.
