1652 2678
706 118 972 155 —309—

163 211 247 248 10a.
275 214 374 249 Illum
403 215 577 249 conlaudet
600 218 752 260 populus,

272 263 386 304 Ipsum
411 267 587 298 veneretur
612 265 718 299 clerus

321 311 369 344 Et
393 312 496 346 omnis
514 322 609 347 sexus
627 314 807 356 hominum;

166 373 208 408 11
220 384 248 410 a.
277 375 325 409 Ut
350 375 407 408 det
430 376 568 416 veniam,

273 424 424 458 Praestet
449 425 588 466 gratiam

869 217 952 252 10b.
976 218 1055 251 Oret
1079 227 1139 258 pro
1164 216 1399 259 laudatoribus,

976 266 1037 306 Qui
1062 274 1122 307 pro
1147 265 1385 306 lapidatoribus

1026 314 1120 349 Solus
1146 313 1272 356 rogavit
1295 313 1481 349 Dominum.

869 376 953 412 11b.
978 377 1081 411 Nobis
1107 377 1215 419 etiam,

975 426 1021 459 Ut
1046 426 1090 460 ad
1114 425 1255 467 patriam

548 484 605 518 12.
631 482 852 524 Supernorum
878 483 995 516 civium

633 530 713 564 Cum
739 533 833 564 coetu
857 531 1004 565 fidelium

679 578 827 612 Tandem
852 580 1086 621 perveniamus.

680 628 797 661 Omnes
823 636 899 670 ergo
926 628 1070 662 dicamus

725 676 843 710 Amen.

241 760 328 789 Miss.
350 769 404 788 ms.
425 760 601 789 Arelatense
622 768 699 788 saec.
720 758 797 789 14115.
819 760 891 789 Cod.
912 761 1188 798 Carpentoractens.
1206 759 1271 791 102.

604 911 662 945 411.
702 912 747 944 De
767 912 877 945 sancto
898 912 1066 953 Stephano.

164 1002 222 1036 la.
250 1002 367 1037 Cordis
394 1006 427 1035 et
452 1003 542 1035 vocis
568 1012 722 1045 organum

250 1050 400 1084 Levitam
425 1051 539 1084 laudet
565 1051 766 1092 Stephanum

297 1098 362 1132 Die
385 1100 460 1143 ista,

163 1163 222 1196 2a.
249 1161 333 1194 Heri
358 1164 467 1195 terrae
492 1161 659 1202 splenduit

297 1210 370 1242 Lux
397 1210 438 1243 de
463 1210 571 1250 coelis,

246 1258 346 1291 Lucis
372 1259 490 1291 stolam
514 1258 624 1291 induit

296 1306 357 1339 Vir
381 1305 489 1339 fidelis

344 1354 409 1387 Die
432 1355 507 1388 ista.

161 1419 220 1453 3a.
247 1417 330 1451 Heri
355 1418 476 1451 mundo
502 1426 561 1450 rex
588 1417 760 1459 coelorum,

295 1465 394 1500 Miles
421 1466 511 1499 coelo
537 1469 632 1499 natus
659 1469 710 1498 est

344 1514 409 1547 Die
433 1515 508 1556 ista,

160 1577 224 1611 4a.
250 1578 370 1610 Plenus
397 1576 599 1619 fortitudine,

247 1625 367 1659 Sancto
392 1625 522 1658 fervens
547 1624 678 1658 flamine

298 1675 411 1708 Certat
437 1683 508 1706 cum
533 1673 710 1706 incredulis

344 1721 408 1754 Die
430 1723 505 1756 ista.

160 1781 220 1816 5a.
247 1781 335 1814 Dum
362 1781 549 1822 disceptant

295 1839 367 1863 eum
391 1830 493 1863 levita
517 1828 696 1873 Pharisaei,

245 1878 391 1912 Intuenti

293 1927 419 1961 coelum
444 1928 594 1968 apertum
621 1928 671 1958 est
694 1926 724 1958 ei

343 1975 408 2009 Die
432 1975 506 2008 ista.

158 2037 218 2072 6a.
245 2034 374 2070 Fremit
399 2043 478 2076 gens
503 2032 684 2074 incredula,

242 2085 330 2118 Dum
355 2083 427 2116 visa
450 2082 610 2115 miracula

295 2132 403 2166 Testis
429 2140 525 2165 verus
552 2130 669 2164 asserit

342 2180 407 2213 Die
430 2181 505 2213 ista.

158 2240 215 2276 7a.
243 2239 327 2273 Heri
352 2248 411 2272 rex
438 2237 617 2277 descendit,

293 2289 340 2323 Ut
367 2296 496 2321 servum
522 2286 710 2327 redimeret,

242 2338 290 2371 Et
313 2337 408 2371 miles
434 2335 593 2377 ascendit,

292 2387 340 2422 Ut
364 2394 499 2428 regnum
525 2386 715 2425 assumeret,

340 2435 404 2469 Die
428 2435 503 2469 ista.

867 1003 927 1039 lb.
949 1003 1149 1043 Lapidatum
1174 1013 1194 1036 a
1219 1002 1354 1045 perfidis

951 1050 1147 1091 Contemptu
1171 1051 1242 1084 veri
1265 1052 1387 1092 lapidis

998 1099 1061 1132 Die
1085 1099 1160 1133 ista.

866 1161 927 1195 2b.
949 1161 1032 1194 Heri
1058 1161 1222 1195 Christum
1246 1163 1384 1202 protulit

997 1210 1098 1252 Virgo
1122 1213 1237 1252 mater,

948 1256 1051 1290 Istum
1075 1258 1173 1290 coelis
1198 1258 1309 1291 intulit

998 1306 1086 1338 Deus
1112 1309 1208 1346 pater

1044 1353 1110 1387 Die
1131 1354 1208 1389 ista.

864 1416 925 1452 3b.
948 1416 1032 1449 Dum
1060 1416 1172 1449 furore
1196 1416 1376 1451 Judeorum

996 1465 1128 1505 Martyr
1152 1465 1316 1506 lapidatus
1343 1467 1393 1499 est

1042 1513 1107 1546 Die
1132 1513 1206 1549 ista.

863 1577 923 1612 4b,
946 1575 1102 1610 Infideles
1129 1577 1246 1618 arguit,

947 1625 1065 1658 Fidem
1089 1633 1200 1657 veram
1229 1625 1372 1659 adstruit

997 1673 1104 1714 Signis
1131 1677 1164 1706 et
1188 1674 1353 1707 miraculis

1044 1721 1108 1754 Die
1131 1721 1205 1754 ista.

863 1780 924 1815 5b.
948 1779 1060 1813 Jesum
1082 1778 1174 1812 videt

997 1829 1039 1861 ad
1066 1827 1232 1861 dexteram
1258 1826 1322 1859 Dei
1347 1831 1445 1869 stare,

948 1876 1009 1917 Qui
1033 1875 1165 1910 fidelem

995 1934 1087 1958 suum
1112 1923 1193 1958 facit
1217 1924 1419 1966 triumphare

1044 1972 1109 2006 Die
1131 1974 1207 2006 ista.

863 2032 926 2068 6b.
948 2031 1128 2065 Dissecatis
1155 2030 1318 2073 cordibus,

946 2081 1073 2114 Pressis
1098 2081 1241 2114 stridens
1269 2080 1431 2123 dentibus,

997 2129 1092 2163 Saxis
1119 2131 1266 2162 sanctum
1295 2129 1408 2162 atterit

1043 2178 1107 2211 Die
1131 2178 1207 2213 ista.

863 2236 922 2272 7b.
944 2235 1002 2269 Sui
1026 2236 1112 2278 regis
1139 2239 1246 2269 ortum

996 2284 1077 2318 Jure
1102 2285 1195 2318 miles
1220 2285 1376 2327 sequitur,

946 2334 1035 2368 Dum
1059 2343 1120 2376 pro
1146 2343 1223 2376 rege
1246 2337 1371 2377 pugnat

994 2383 1041 2416 Et
1065 2382 1108 2416 ad
1134 2383 1235 2417 vitam
1261 2384 1365 2417 oritur

1045 2432 1107 2466 Die
1132 2433 1207 2468 ista.
