1652 2678
715 120 980 157 —277—

181 216 262 251 lla.
289 219 321 251 A
346 219 482 262 paganis
507 228 589 260 puer
616 222 740 261 captus,

289 267 388 300 Alter
411 267 508 300 undis
533 268 633 301 maris
658 271 783 310 raptuS‚

289 316 464 358 Jugulatus
489 325 571 356 puer
596 319 691 357 aptus

337 364 463 397 Ternus
489 373 509 397 a
535 364 722 405 da.emonio;

182 419 264 455 12a.
292 421 397 463 Ligno
419 420 525 455 fracto
542 421 633 455 fraus
650 423 819 467 probatur,

288 471 416 503 Aurum
441 478 575 503 cernens
601 471 789 511 baptizatur

290 517 447 559 Judaeus‚
476 527 547 550 cum
573 520 749 552 suscitatur

336 566 519 599 Defunctus
544 567 578 599 in
603 567 700 602 bivio.

180 622 225 657 13
233 632 262 656 a.
290 623 437 665 Nicolae‚
464 624 521 656 lux
543 625 714 667 justorum,

289 672 412 705 Forma
424 672 541 716 gregis,
557 682 671 706 norma
682 682 817 716 morum,

294 721 359 754 Pro
385 720 490 754 salute
516 721 705 754 devotorum

289 769 408 802 Funde
437 776 551 808 preces
577 767 772 803 famulorum

336 816 375 849 1n
402 816 534 849 coelesti
558 818 676 858 patria.

257 883 348 912 Grad.
372 893 428 912 ms.
448 883 618 913 Lubicense
698 887 726 914 si

178 920 349 951 Lubicense
376 931 398 950 s.
428 923 494 959 sign

882 219 966 254 11b.
990 220 1121 254 Cunctis
1145 220 1217 252 istis
1242 220 1436 263 suffragatur

986 269 1032 301 Et
1055 269 1161 309 imago
1186 268 1386 311 verberatur,

988 317 1104 358 Plagas
1129 319 1289 350 monstrat
1319 321 1351 350 et
1375 318 1518 351 minatur

1036 365 1131 398 Furti
1155 363 1194 397 fit
1217 365 1370 399 redditio.

881 422 965 457 1210.
986 424 1180 456 Innocentes
1206 423 1336 455 liberati

988 471 1168 504 Daemones
1194 474 1227 503 et
1250 470 1381 513 effugati

988 520 1095 560 Caeci,
1123 519 1231 552 claudi
1255 522 1330 553 sunt
1356 520 1459 553 curati

1035 568 1135 601 Sacro
1159 567 1338 602 stillicidio,

882 626 965 661 13b.
989 626 1055 660 Ora
1079 628 1206 666 patrem
1231 628 1327 666 atque
1352 629 1463 658 natum

987 674 1166 715 Utriusque
1191 682 1318 706 sacrum
1346 672 1467 714 flatum,

988 722 1034 755 Ut
1058 731 1119 763 per
1141 725 1233 754 tuum
1260 722 1468 763 deprecatum

986 770 1090 803 Nobis
1115 768 1212 802 finem
1239 770 1294 802 det
1315 770 1444 803 beatum

1036 818 1082 851 Et
1105 820 1239 851 aeterna
1262 818 1391 859 gaudia.

726 895 778 923 gn.
806 893 884 914 saec.
909 883 956 914 14.
982 885 1049 913 add.
1069 892 1148 913 saec.
1170 882 1216 912 15.
1237 885 1273 912 A.
1293 899 1332 903 —
1353 885 1443 914 Grad.
1462 893 1517 913 ms.

497 943 504 949 .
526 931 602 951 saec.
629 922 673 952 15.
694 925 760 952 add.
783 932 861 952 saec.
887 922 932 952 15.
952 924 987 952 B.
1008 939 1047 943 -
1067 922 1207 959 Sequent.
1231 932 1285 951 ms.
1305 923 1473 952 Lubioense
1494 932 1515 951 s.

176 961 257 998 sign.
286 969 363 989 saec.
393 959 438 990 15.
460 961 493 989 Ο.
515 976 554 980 —
580 962 667 990 MeL:
688 963 795 992 Lauda
816 962 899 991 Sion.
926 978 965 982 —
991 961 1043 995 5a,
1066 960 1081 989 1
1104 961 1179 990 Cum
1200 961 1238 989 ad
1257 961 1398 990 thronum
1418 963 1452 991 A.
1478 978 1507 983 —

175 998 231 1035 71›‚
253 997 272 1027 2
292 1000 339 1028 bis
363 998 434 1034 12b‚
458 998 473 1027 1
494 999 595 1028 fehlen
615 1001 646 1036 O,
668 1002 708 1030 da
729 1004 779 1031 ein
798 1002 882 1030 Blatt
901 1002 1100 1038 ausgerisfflm.

633 1084 699 1117 367.
742 1086 786 1118 De
801 1086 911 1117 sancto
932 1084 1067 1117 Nicolao.

573 1148 605 1181 1.
632 1148 770 1182 Nicolao
796 1148 938 1189 gaudeat

634 1196 768 1237 Barrus,
794 1197 837 1229 ad
863 1204 958 1236 quem
982 1198 1127 1228 transeat

682 1244 806 1278 Nostra
830 1253 905 1285 spes
934 1246 965 1276 et
989 1243 1103 1285 gloria.

177 1297 239 1331 2a.
266 1296 371 1329 Victis
396 1295 513 1336 Myrae
539 1296 690 1330 censibus

265 1344 372 1378 Cessit
394 1345 465 1377 laus
490 1345 689 1378 Barensibus

313 1393 393 1426 Cum
418 1402 543 1426 summa
566 1394 714 1429 victoria.

176 1447 236 1481 33.
263 1446 375 1479 Virtus
401 1446 506 1479 sancti
531 1447 665 1487 spiritus

260 1495 366 1535 Hujus
392 1495 497 1528 sancti
522 1495 687 1528 transibus

310 1543 415 1576 Facta
440 1546 490 1575 est
513 1545 719 1584 praenuntia.

174 1597 237 1630 4a.
266 1597 291 1630 O
317 1596 415 1629 beata
436 1596 568 1637 Patera,

266 1644 356 1684 Quae
379 1645 530 1676 lactentis
555 1645 666 1685 ubera,

315 1692 404 1732 Quae
426 1692 555 1732 juvenis
580 1694 697 1726 merita

312 1741 424 1774 Prima
450 1742 500 1772 est,
523 1741 658 1783 intuita;

177 1795 238 1828 5a.
267 1794 382 1827 Patres
408 1802 545 1834 sequens

263 1842 400 1883 Templo
426 1840 579 1883 frequens

311 1891 414 1925 Facto
440 1891 568 1931 clamat,

314 1939 407 1980 Quod
430 1948 521 1972 mens
548 1942 634 1972 amat

361 1989 473 2023 Jesum
499 1997 598 2029 super
623 1988 741 2022 omnia.

179 2043 239 2077 6a.
265 2042 358 2076 Tunc
381 2044 532 2084 Myream

264 2090 329 2125 Sed
354 2099 441 2125 nunc
466 2100 548 2133 eam,

313 2141 415 2181 Quam
440 2140 579 2183 accedit⁷

312 2190 448 2223 Terram
473 2188 586 2229 prodit

360 2238 503 2280 Operum
529 2246 589 2278 per
613 2236 740 2270 merita.

180 2295 237 2328 7a.
263 2293 335 2327 Ista
361 2300 479 2334 corpus
503 2290 604 2324 habet
630 2298 758 2323 sacrum

261 2342 327 2376 Illa
350 2344 477 2375 tantum
503 2339 721 2380 simulacrum,

310 2391 393 2425 Tres
417 2389 516 2422 urbes
542 2389 608 2421 tria
633 2388 753 2430 gaudia

309 2440 484 2477 Fuderunt
508 2439 542 2472 in
569 2437 718 2472 ecclesia.

879 1297 938 1330 2b.
962 1296 1054 1330 Haec
1079 1304 1174 1329 sacra
1199 1297 1368 1329 translatio

962 1346 1122 1378 Barorum
1149 1343 1286 1377 confinio

1013 1393 1207 1427 Consolatur
1232 1393 1349 1426 omnia.

878 1446 938 1481 3b.
960 1446 1145 1487 Pompatim
1171 1446 1375 1487 conveniunt,

962 1495 1060 1528 Barri
1086 1495 1162 1528 dum
1187 1494 1349 1535 recipiunt

1009 1543 1211 1584 Exspectata
1236 1542 1365 1583 gaudia.

878 1597 939 1631 4b.
964 1597 1011 1631 Ut
1034 1597 1161 1630 lactens
1186 1595 1353 1638 abstinuit,

962 1645 1009 1679 Ut
1034 1644 1153 1686 puellis
1177 1643 1294 1676 adfuit.

1012 1694 1060 1728 Ut
1088 1691 1236 1726 confecta
1252 1690 1332 1724 vitia

1012 1742 1093 1782 Ejus
1113 1741 1193 1774 lavit
1211 1740 1325 1781 gratia.

880 1795 939 1830 5b.
963 1795 1054 1827 Nutu
1078 1794 1141 1827 Dei

963 1843 1071 1876 Datur
1097 1841 1126 1875 ei

1014 1891 1108 1932 Gres,
1136 1899 1230 1931 quem
1254 1890 1346 1931 pavit

1013 1939 1150 1981 Semper
1176 1939 1272 1980 cavit,

1064 1988 1156 2030 Quod
1172 1996 1263 2020 mens
1276 1987 1369 2020 timet
1381 1987 1520 2022 conscia.

882 2042 943 2077 6b.
963 2043 1029 2075 Illa
1054 2042 1145 2083 prius

964 2091 1026 2124 Est
1052 2091 1139 2123 illius

1010 2138 1170 2181 Insignita

1015 2189 1116 2222 Sacra
1140 2187 1209 2220 vita

1063 2236 1127 2270 Sed
1153 2235 1276 2268 honore
1301 2236 1442 2271 subdita.

882 2289 943 2325 7b.
965 2290 1078 2324 Primo
1103 2292 1268 2332 pastorem
1292 2290 1438 2332 nutrivit,

967 2338 1110 2380 Sequens
1135 2338 1227 2371 illum
1254 2340 1414 2382 sepelivit,

1015 2386 1181 2421 Translati
1208 2391 1314 2421 custos
1340 2389 1438 2423 tertia

1011 2437 1174 2471 Mundum
1196 2437 1302 2479 replet
1327 2438 1463 2474 laetitia.
