1652 2678
759 112 1024 147 —100—

633 212 687 244 12.
714 210 840 251 Regina
860 210 983 249 mundi,
1008 209 1126 247 Maria,

716 258 848 291 Excusa
871 261 1079 298 peccatorum

717 307 912 339 Nostrorum

713 352 914 387 Distermina

713 402 759 435 Et
787 402 829 434 da
853 402 1015 434 coelorum
1041 400 1169 442 gaudia.

301 470 389 499 Graii.
416 479 470 499 ms.
497 469 643 505 Pragense
673 468 732 496 VII
758 469 787 494 A
814 466 850 495 13
876 475 953 495 saec.
982 465 1026 494 16.
1072 468 1213 496 Zweimal
1241 468 1267 495 A
1292 476 1321 494 u.
1350 468 1383 495 B.
1412 482 1449 486 —
1475 467 1563 495 Mela

221 509 357 537 Psanito.
371 525 384 528 -
396 525 409 529 -
426 508 451 544 1,
475 507 488 536 1
511 516 555 543 sq.
577 508 641 536 Ave
659 508 744 542 virgo
764 506 897 542 genitrix
917 506 1012 534 nostri
1027 506 1061 534 B.
1077 522 1115 526 —
1131 504 1149 533 2
1161 514 1177 533 a
1191 516 1221 534 u.
1236 506 1269 534 b:
1292 506 1423 538 eoelum,
1443 508 1564 540 terram?

222 555 312 581 mare,
335 547 508 583 angelorum
531 544 600 583 [sie]
622 549 651 573 et
670 545 806 573 homines
829 544 888 578 Qui
915 546 1037 579 creavit,
1063 548 1095 573 tu
1124 545 1217 581 digna
1243 554 1288 578 es,
1318 547 1354 573 ut
1372 553 1501 582 pareres.
1522 561 1561 565 —

223 587 275 616 :ja1
301 585 315 614 1
335 586 464 622 virgula
482 586 592 613 Aar‹·n.
631 601 651 604 —
672 583 724 616 521,
746 582 759 611 1
784 583 845 611 Hie
864 586 949 620 virgo
970 584 1007 611 A.
1031 600 1068 604 ,-
1090 582 1143 617 6b,
1167 581 1182 611 1
1202 593 1246 620 sq.
1263 584 1374 612 Vatum
1394 585 1561 620 priscorum

220 625 396 652 vaticinium
417 624 450 652 B.
473 640 475 642 -
531 621 574 651 ssa
595 623 677 651 Hinc
702 623 808 651 ceteris
834 622 992 651 clariorem
1012 625 1042 651 te
1062 623 1175 651 sanctis
1195 623 1298 651 fideles
1318 623 1501 659 praedicant.
1522 639 1560 643 —

222 660 276 694 91).
294 661 307 690 1
326 663 398 690 Cum
414 664 446 690 tu
461 663 546 699 virgo
565 662 594 690 Β.
610 677 647 681 ν
664 658 708 692 12,
731 660 745 689 1
768 670 813 698 sq.
826 660 909 695 Jesu‚
930 670 983 690 rex
1002 664 1072 690 nate
1093 663 1228 698 virginis,
1250 662 1420 690 miserando
1440 662 1563 690 miseris

222 701 288 729 ‹leh-2
310 704 410 729 nostra
435 702 561 729 erimina
582 704 611 729 et
631 700 670 728 (la
689 701 838 728 coelorum
858 701 969 736 gaudia
990 700 1023 728 B.

667 794 727 826 127.
769 794 814 826 De
833 794 930 826 beata
949 792 1054 825 Maria
1075 794 1111 825 V.

221 867 281 900 12.
306 866 389 906 Ave,
416 866 518 907 virga,
546 866 635 907 virgo
661 866 765 907 Jesse,
920 866 978 899 lb.
1003 866 1085 906 Ave,
1114 865 1216 907 virgo,
1242 866 1336 907 virga
1362 866 1482 907 throni,

306 914 367 946 Tui
393 914 449 954 pia
473 913 527 946 fac
551 924 609 947 nos
636 923 706 946 esse
1003 913 1093 947 Dans
1118 914 1158 946 de
1183 917 1279 955 petra
1304 913 1451 947 Gedeoni

353 961 524 996 consortes
550 962 711 1002 incendii3
1049 962 1230 995 Flammam
1255 963 1419 997 sacrificii.

221 1022 277 1054 211.
306 1021 388 1053 Ave.
415 1021 508 1062 virga
532 1021 647 1053 summi
674 1021 774 1061 ducis,
918 1020 977 1054 2b.
1003 1021 1086 1061 Ave,
1113 1021 1206 1062 virga
1230 1021 1348 1054 tollens
1374 1022 1508 1064 luctum,

301 1071 430 1109 Aquam
457 1069 497 1102 de
519 1072 615 1109 petra
638 1069 792 1110 producis
1000 1068 1133 1102 Florem
1153 1068 1282 1109 profers
1300 1072 1398 1111 atque
1415 1069 1557 1104 fructum

348 1116 478 1150 Sitienti
502 1119 642 1159 popu103
1048 1117 1165 1150 Clauso
1192 1118 1313 1150 ventris
1340 1119 1482 1154 vascam.

216 1176 275 1209 321.
303 1175 404 1216 Virga
427 1176 517 1217 vigil,
544 1179 656 1208 natum
683 1175 786 1208 Deum
915 1175 974 1210 3b.
998 1175 1099 1217 Virga
1122 1180 1255 1217 praeter
1271 1186 1367 1217 quani
1384 1176 1556 1211 ferendum

300 1223 496 1264 vigilantem
523 1228 635 1257 contra
659 1233 750 1257 reum
998 1223 1055 1257 Nil
1080 1225 1113 1256 in
1138 1224 1201 1268 via,
1229 1225 1276 1257 nil
1302 1226 1533 1268 quaerendmn,

347 1273 544 1305 Praevenire
574 1273 735 1314 crederis3
1046 1272 1130 1305 Nam
1157 1276 1192 1306 tu
1218 1276 1334 1306 cuncta
1359 1276 1515 1315 suggeris.

211 1332 271 1365 4a.
298 1331 381 1370 Ave,
408 1331 511 1371 virga,
539 1339 621 1371 quae
645 1332 797 1372 procedis
913 1331 973 1365 4b.
994 1331 1107 1372 Virgo,
1134 1331 1226 1373 virga
1250 1335 1316 1363 tam
1342 1331 1494 1376 fecunda,

295 1380 336 1413 In
362 1381 536 1420 conspectu
560 1380 672 1412 summi
700 1380 787 1413 sedis
997 1379 1159 1412 Ubertate
1182 1389 1241 1412 nos
1267 1378 1409 1414 fecunda

346 1427 392 1460 Ut
416 1426 522 1460 fumus
543 1431 741 1470 aromatum3
1045 1429 1223 1461 Tantorum
1250 1429 1488 1466 charismatum,

210 1533 242 1561 M
261 1533 270 1562 1
286 1495 371 1561 {iiss-
385 1503 440 1522 ms.
452 1494 673 1531 Rotomagense
687 1503 763 1524 saec.
780 1494 825 1523 14.
838 1494 908 1524 Cod.
919 1496 1129 1534 Rotomagens.
1146 1492 1212 1523 277.
1239 1496 1297 1524 Mi‘t
1310 1498 1555 1535 zweistimmiger

245 1542 260 1561 e
275 1542 291 1562 0
313 1542 350 1561 ie.

656 1628 718 1660 128.
763 1629 807 1661 De
827 1629 924 1661 beata
943 1628 1048 1662 Maria
1068 1630 1104 1661 Y.

209 1701 266 1733 la.
293 1701 376 1740 Ave,
402 1700 494 1741 virgo
520 1700 672 1744 gloriosa,
909 1701 968 1735 lb.
992 1701 1057 1734 Res
1080 1702 1241 1742 miranda,
1269 1704 1351 1736 coeli
1375 1712 1453 1736 rore

290 1748 392 1789 Virga
414 1747 534 1781 florens
560 1753 594 1782 et
618 1748 782 1791 frondosa,
994 1749 1161 1783 Castitatis
1187 1752 1278 1784 salvo
1303 1750 1384 1785 flore

341 1796 435 1829 Vitae
461 1797 640 1839 salutifera,
1040 1800 1140 1841 Virgo
1166 1799 1205 1833 fit
1229 1809 1402 1842 puerpera.

209 1856 266 1888 2a.
294 1855 385 1888 Nutu
409 1856 514 1897 patris
541 1856 696 1889 divinitus
909 1858 969 1892 2b.
994 1857 1062 1898 Quo
1086 1857 1223 1899 perfusa
1247 1859 1419 1900 virginitas

291 1904 447 1945 Irrigavit
468 1906 647 1945 paraclitus
992 1908 1085 1940 Parit
1110 1912 1201 1942 casta
1226 1907 1412 1942 fecunditas

341 1951 451 1985 Clausi
476 1953 563 1985 horti
587 1954 702 1995 lilium,
1041 1957 1148 1989 Verae
1173 1957 1255 1991 lucis
1280 1958 1421 1992 radium.

209 2009 267 2044 3a.
295 2012 389 2044 Jesse
415 2020 455 2043 ex
479 2011 603 2052 origine
908 2014 968 2049 ssb.
992 2014 1045 2047 Ex
1070 2015 1181 2048 Maria
1206 2016 1333 2057 virgine

291 2060 400 2099 Atque
425 2059 503 2092 Sion
528 2061 673 2102 germine
993 2062 1209 2105 conspirante
1232 2063 1365 2098 flamine

340 2107 443 2140 Stella
467 2108 568 2140 Jacob
595 2110 708 2150 oritur,
1040 2112 1182 2145 Verbum
1208 2113 1271 2146 Dei
1296 2115 1454 2148 nascitur.

211 2165 270 2198 4a.
296 2164 425 2198 Rubum
449 2166 534 2207 ignis
558 2165 781 2209 inflammavit,
909 2171 967 2204 41).
992 2171 1093 2212 Virgo
1117 2171 1223 2204 Deum
1248 2173 1407 2215 paritura,

293 2213 395 2253 Virga
419 2213 532 2247 florem
558 2216 760 2259 germinavit,
995 2218 1181 2253 Creatorem
1212 2225 1371 2261 ereatura,

339 2261 451 2295 Vellus
473 2271 548 2295 rore
572 2264 708 2298 maduit.
1041 2268 1130 2301 Rore
1151 2270 1233 2302 coeli
1259 2270 1386 2303 claruit.

208 2319 264 2350 52.
293 2318 401 2350 Veluti
427 2321 515 2352 solus
535 2322 648 2354 radius
908 2325 967 2358 51).
989 2325 1045 2358 Sic
1069 2329 1206 2359 matrem
1230 2327 1294 2359 Dei
1319 2327 1417 2367 filiuS,

290 2366 417 2399 Subtile
442 2372 475 2400 et
498 2369 656 2413 integrius
992 2374 1094 2407 Immo
1119 2376 1221 2408 multo
1247 2375 1410 2416 subtilius,

341 2414 499 2454 specular
522 2417 714 2459 ingreditur,
1053 2426 1145 2456 ntrat
1167 2427 1200 2455 et
1225 2423 1402 2464 egreditur.
