1652 2678
753 94 1020 130 —156—

221 195 278 228 5a.
304 193 397 226 Mors
423 192 544 228 Christi
569 191 753 234 praesentia

352 242 403 274 Ac
427 243 557 275 sacrata
580 241 714 282 virginis

304 289 349 322 Et
375 290 508 323 coelesti
533 290 622 322 curia

401 338 599 372 Honoratur.

919 190 980 225 5b.
998 191 1067 223 Per
1092 197 1188 230 quam
1214 188 1319 220 clarus
1344 187 1448 221 exitus

1052 237 1117 270 Per
1142 245 1237 278 quam
1262 236 1348 269 sacri
1369 234 1511 269 flaminis

1004 285 1133 318 Donum
1157 284 1252 317 nobis
1278 284 1415 317 coelitus

1099 333 1285 373 Largiatur.

297 423 382 452 Miss.
402 432 457 452 ms.
475 422 617 451 Francis?
631 430 667 448 .n.
689 428 766 449 saec.
791 418 836 448 14.
861 419 932 448 Cod.
955 418 1191 447 CenomannenS.
1212 416 1278 447 249.

650 591 719 623 205.
760 589 805 622 De
822 592 931 623 sancto
955 590 1123 623 Clemente.

248 676 304 709 13.
334 673 499 707 Glorietur
524 671 633 705 Gallia

334 720 510 756 Clementis
537 720 720 760 clementia,

380 770 468 810 Quae
492 769 583 801 misit
608 769 762 802 divinitus

245 832 302 864 2a.
330 828 459 861 Tertius
486 827 643 860 ecclesiae

333 876 500 909 Romanae
525 876 675 909 Clemens
699 875 756 917 pie

382 925 567 966 Episcopus
592 923 746 967 praefuit,

248 986 305 1019 33.
333 983 497 1017 Insidians
519 982 638 1023 impius

332 1032 439 1066 Uxori
464 1030 601 1065 Sisinius

377 1081 511 1120 CaecuS‚
538 1079 655 1112 surdus
680 1078 842 1123 redditur,

250 1140 308 1174 4a.
336 1138 402 1171 Sed
425 1141 463 1171 ut
486 1146 612 1170 morum
635 1135 771 1170 floribus

378 1187 478 1220 Velut
500 1194 560 1217 ver
583 1186 737 1226 redoluit,

329 1235 469 1277 Paganis
496 1233 683 1267 dolentibus

381 1284 559 1324 Trajanum
583 1291 648 1315 non
673 1282 779 1315 latuit.

249 1345 309 1377 5a.
334 1342 551 1375 Mamertinus
576 1340 677 1382 igitur

382 1391 503 1423 Tentat
526 1389 614 1421 1111110
637 1390 836 1431 pervertere,

334 1439 400 1472 Sed
425 1439 512 1472 1111110
537 1437 685 1470 Clemens
710 1436 826 1470 nititur

382 1488 438 1521 Ad
462 1486 561 1520 fidem
586 1486 777 1527 perducere.

250 1550 309 1582 63.
333 1546 414 1580 Cum
436 1546 481 1579 ad
503 1545 612 1577 locum
634 1546 865 1586 pervenerunt,

335 1595 511 1628 Exsulatos
536 1594 731 1626 invenerunt

384 1644 463 1677 Plus
490 1651 586 1683 quam
613 1642 676 1675 duo
701 1641 809 1684 milia3

254 1703 272 1737 ’7
283 1712 311 1735 a.
338 1703 387 1736 Ut
410 1702 471 1735 sim
498 1701 727 1734 consolationis

334 1750 472 1784 Consors
498 1749 584 1782 sicut
607 1749 778 1791 passionis,

381 1800 504 1832 Missus
530 1807 601 1830 sum
628 1807 700 1831 cum
725 1797 865 1831 miseris.

251 1860 307 1893 8a.
335 1858 464 1899 Inquit:
491 1856 543 1889 Tu
569 1857 623 1898 qui
645 1856 849 1899 percussisti,

332 1906 432 1948 Deus,
458 1908 587 1947 petram
614 1908 647 1938 et
673 1905 793 1939 dedisti

381 1956 510 1996 Aquam
533 1954 569 1986 111
594 1954 840 1997 abundantiam,

380 2003 477 2036 Hane
500 2003 627 2036 releves
650 2002 808 2044 inopiam.

925 671 987 708 ib.
1004 673 1173 706 Athletam
1192 672 1375 705 Macarium

1007 722 1176 755 Adversus
1201 721 1401 753 Mercurium

1057 770 1296 805 Conterendum
1317 768 1456 810 penitus.

924 827 986 863 ab.
1009 827 1207 861 informatus
1231 827 1376 862 moribus

1007 877 1100 909 Petri
1124 876 1243 909 nostris
1268 875 1417 917 gentibus

1058 924 1104 957 Et
1127 924 1262 959 Judaeis
1287 923 1421 965 placuit.

926 982 986 1018 3b.
1013 982 1079 1015 Sed
1106 981 1279 1015 Clementis
1304 981 1456 1022 precibus

1009 1029 1187 1064 Renovatis
1212 1029 1359 1062 sensibus

1055 1079 1159 1112 Sanus
1184 1077 1374 1111 reefficitur.

927 1136 986 1172 4b.
1011 1136 1193 1169 Rescribit:
1220 1135 1293 1168 Diis
1316 1134 1475 1177 praebeat

1061 1184 1210 1218 Clemens
1235 1183 1441 1224 sacrificium,

1011 1234 1080 1266 Aut
1103 1235 1194 1266 trans
1217 1241 1308 1265 mare
1332 1233 1447 1265 subeat

1060 1282 1244 1315 Chersonae
1269 1282 1429 1315 exsilium.

929 1340 987 1375 51).
1008 1340 1115 1373 Tanta
1138 1340 1229 1372 Deus
1254 1339 1362 1381 gratia

1059 1388 1158 1421 Suum
1181 1390 1299 1420 testem
1323 1387 1451 1429 imbuit,

1009 1437 1103 1478 Quod
1129 1440 1163 1470 et
1185 1437 1371 1470 neeessaria

1057 1486 1167 1520 Judex
1189 1485 1266 1518 navi
1293 1484 1419 1519 tribuit.

926 1544 987 1580 oh.
1006 1542 1228 1577 Marmoribus
1252 1543 1288 1576 hi
1312 1542 1462 1576 secandis

1007 1593 1256 1626 Damnabantur
1281 1602 1302 1625 a
1328 1592 1534 1633 damnandis,

1053 1641 1176 1682 Quibus
1205 1640 1289 1674 dixit
1312 1641 1410 1674 talia:

927 1701 945 1735 7
953 1699 985 1733 b.
1006 1700 1055 1734 Ut
1078 1708 1196 1741 aquam
1221 1699 1313 1740 gravi
1338 1698 1449 1732 taedio

1008 1748 1060 1782 De
1082 1752 1173 1782 sexto
1198 1748 1338 1781 miliario

1058 1796 1157 1830 Ferri
1181 1797 1274 1830 novit
1297 1797 1452 1838 humeris,

927 1856 986 1892 8b.
1010 1856 1091 1889 Post
1113 1856 1177 1889 hoc
1200 1855 1286 1888 vidit
1310 1864 1428 1898 agnum
1453 1855 1526 1897 Dei,

1010 1905 1072 1945 Qui
1096 1904 1243 1938 ostendit
1265 1904 1372 1937 locum
1398 1904 1438 1944 ei,

1058 1954 1269 1994 Fodiensque
1293 1953 1422 1986 sarculo

1057 2002 1177 2035 Potum
1203 2002 1298 2035 dedit
1319 2002 1452 2044 populo.

250 2062 309 2095 93.
333 2061 389 2093 Ad
413 2062 498 2094 hanc
520 2059 641 2093 famam
657 2059 867 2101 baptizantur
927 2059 986 2094 9b.
1009 2058 1077 2092 Per
1100 2060 1258 2101 populum
1283 2063 1363 2094 tunc
1387 2070 1550 2103 paganum

333 2109 518 2150 Quingenti,
544 2107 622 2141 fana
646 2110 828 2148 vastantur,

333 2156 547 2199 Septuaginta
571 2155 753 2189 fundantur

380 2205 427 2237 Et
451 2205 591 2246 quinque
617 2203 782 2237 ecclesiae.

227 2263 308 2297 103.
334 2263 396 2303 Qui
422 2272 494 2295 cum
518 2264 665 2295 sanctum
689 2262 845 2302 intuetur,

333 2311 433 2344 Jubet
457 2310 600 2344 anchora
624 2311 744 2351 ligetur

337 2358 427 2391 Collo
454 2362 487 2391 et
508 2358 745 2399 praecipitetur

383 2405 438 2438 Sic
461 2407 496 2438 in
520 2406 620 2438 maris
645 2405 798 2438 medium.

1009 2107 1114 2141 Fama
1139 2109 1242 2141 currit
1266 2109 1311 2142 ad
1335 2109 1523 2151 Traianum,

1011 2156 1073 2196 Qui
1097 2157 1187 2190 misit
1209 2157 1428 2202 Arfidianum,

1055 2205 1245 2238 Ministrum
1270 2206 1441 2247 perfidiae.

903 2260 988 2296 10b.
1008 2263 1078 2303 Quo
1103 2262 1192 2296 facto
1218 2264 1285 2296 suis
1309 2263 1463 2298 flentibus

1006 2310 1054 2342 Et
1078 2311 1122 2344 ad
1147 2320 1219 2344 eum
1245 2312 1424 2354 orantibus,

1009 2358 1129 2391 Tn'bus
1152 2360 1290 2392 recessit
1314 2359 1456 2402 milibus,

1057 2407 1204 2440 Cernunt
1230 2407 1429 2440 domicilium
