1652 2678
147 179 206 212 δα.

150 603 206 637 la.

149 811 207 843 2a.

149 1019 206 1052 3a.

147 1227 206 1259 4a.

147 1435 202 1468 5a.

147 1644 203 1676 6a.

145 2012 203 2045 8a.

144 2174 201 2207 922.

691 82 955 119 ——167—

233 177 339 218 Hujus
365 182 441 212 sunt
465 189 575 222 opera,

233 225 332 260 Velut
356 228 535 270 innumera,

283 275 371 315 Quae
397 276 493 309 docet
518 278 605 310 visus

331 327 362 357 et
386 324 494 361 litera,

226 404 313 433 Miss.
334 405 483 434 Trecense
502 407 574 444 imp.
594 407 696 436 Treeis
720 404 803 436 1533.

850 181 907 216 6b.
930 180 995 215 Hic
1018 189 1117 223 prece
1140 190 1300 222 prospera

931 230 982 263 De
1006 230 1093 262 valle
1117 230 1236 262 misera

979 277 1048 311 Nos
1075 287 1174 319 regna
1199 278 1298 311 ducat

1029 326 1071 359 ad
1097 335 1223 366 supera.

569 523 632 556 219.
671 525 716 557 De
737 525 847 557 sancto
866 523 1065 557 Eleutherio.

235 602 451 637 Tornacensis
475 605 600 645 civitas,

232 651 364 685 Laudes
389 661 496 693 pange
522 652 658 695 debitas,

233 699 297 732 Est
323 699 408 732 enim
433 700 620 734 solemnitas

281 748 390 782 Patris
414 747 617 791 Eleutherii3

234 809 332 843 Hunc
358 810 498 844 Serenus
524 812 643 855 genuit,

231 858 363 892 Blanda
387 862 492 892 mater
517 860 608 898 aluit,

231 906 342 940 Motus
371 909 478 940 carnis
506 908 630 942 domuit

280 955 328 988 Et
352 957 468 989 aetatis
493 956 649 989 lubricae.

232 1018 319 1051 Dum
342 1016 494 1059 perfusus
526 1019 606 1051 coeli
632 1027 706 1051 rore

235 1066 399 1099 Christum
425 1069 498 1099 orat
521 1067 553 1099 in
581 1066 711 1099 fervore

234 1114 389 1155 Temptat
415 1123 486 1147 eum
512 1124 569 1148 suo
595 1123 684 1147 more

280 1163 417 1196 Satanas
442 1171 503 1204 per
526 1163 695 1204 virginem.

234 1226 319 1259 Dum
348 1225 495 1258 declarat
518 1225 750 1259 blandimentis

232 1274 413 1307 Flammam
437 1274 521 1315 ignis
546 1274 756 1314 vehementis,

230 1322 312 1355 Mox
337 1322 380 1355 ad
405 1330 517 1355 vocem
543 1322 707 1363 arguentis

282 1370 446 1403 Suffocata
471 1371 603 1403 corruit.

231 1434 373 1466 Verbum
408 1433 495 1466 vitae
519 1436 650 1466 sanctus
675 1434 765 1474 serit,

231 1481 387 1515 Infideles
413 1482 511 1523 plaga
536 1480 623 1524 ferit,

231 1531 312 1564 Pars
337 1531 472 1563 insanae
497 1530 603 1570 plebis
628 1531 725 1572 perit,

282 1580 481 1612 Praeconem
506 1579 698 1612 incarcerat.

232 1642 271 1675 In
297 1641 428 1675 fervore
453 1651 588 1684 magnae
613 1642 684 1683 spei

232 1691 354 1724 Caecus
381 1693 452 1723 orat
477 1693 624 1723 sanctum
648 1690 721 1731 Dei,

233 1739 331 1779 Signo
359 1739 463 1771 crucis
490 1738 616 1771 confert
642 1739 672 1770 ei

279 1786 437 1819 Sanitatis
463 1787 612 1828 gratiam.

230 1849 390 1883 Dolentes
414 1850 573 1883 haeretici

231 1898 331 1931 Suum
363 1899 479 1940 dogma
504 1898 610 1940 dejici,

279 1946 399 1981 Sancto
424 1948 539 1989 plagas
562 1947 726 1989 ingerunt,

230 2011 357 2045 Thecla
386 2013 481 2043 vacat
504 2010 639 2050 somnio,

229 2059 394 2093 Suscitata
419 2058 517 2092 tertio

279 2109 410 2144 Jussum
436 2106 518 2141 facit
535 2107 720 2150 publicum3

227 2170 295 2205 Per
320 2174 363 2212 te,
388 2173 494 2212 pater,
521 2174 589 2203 tres
616 2168 761 2203 defuncti

228 2220 436 2255 suscitantur
460 2220 529 2252 vita
553 2217 666 2262 functi,

226 2270 452 2303 Tornacenses
476 2269 512 2301 in
537 2271 572 2300 te
595 2268 703 2300 cuncti

275 2318 456 2359 Respirant
480 2326 541 2358 pro
566 2316 672 2351 venia.

850 606 909 639 1b.

851 811 908 846 2b.

850 1017 909 1052 31).

849 1226 907 1258 41).

849 1432 907 1466 512.

850 1639 907 1673 6b.

848 1848 909 1882 712.

847 2007 908 2043 ab.

847 2169 909 2203 9b.

932 606 998 638 Per
1022 615 1116 647 quem
1143 606 1240 638 cessit
1265 604 1401 647 falsitas,

933 653 1017 686 Nam
1043 656 1154 695 gentes
1177 654 1351 687 indomitas

933 701 1078 734 Reduxit
1103 703 1143 735 ad
1170 702 1300 735 semitas

981 749 1094 783 Divini
1121 750 1255 784 consilii.

935 811 1097 846 Christum
1123 822 1205 854 puer
1229 812 1344 853 induit,

934 860 1020 893 Hinc
1042 861 1188 894 Tornaco
1212 858 1364 902 praefuit,

934 909 1000 942 Ubi
1024 912 1137 949 pastor
1161 909 1280 942 claruit

981 956 1154 990 Praevisus
1176 956 1376 998 prophetice.

935 1019 1023 1058 Quae
1047 1019 1210 1051 subintrat
1234 1019 1268 1052 in
1293 1018 1414 1059 furore,

932 1066 1040 1099 Nacta
1065 1070 1191 1108 tempus
1216 1067 1312 1106 hujus
1337 1067 1447 1107 horae,

935 1114 1070 1148 Causam
1096 1115 1200 1148 morbi
1224 1114 1371 1155 pandens
1398 1124 1463 1156 ore,

983 1162 1091 1196 Gestit
1115 1162 1158 1196 ad
1182 1163 1364 1197 libidinem.

931 1224 971 1258 In
998 1234 1131 1258 excessu
1156 1228 1286 1258 sanctus
1311 1226 1428 1258 mentis

934 1272 1014 1307 Orat
1037 1274 1190 1315 precibus
1216 1273 1359 1314 attentis,

932 1321 1118 1355 Exauditur
1142 1331 1206 1354 vox
1229 1322 1382 1364 petentis,

980 1370 1076 1403 Hanc
1100 1370 1188 1403 vitae
1210 1369 1363 1405 restituit,

935 1431 1080 1466 Christus
1107 1435 1211 1465 sancti
1238 1441 1345 1465 curam
1371 1432 1465 1475 gerit,

933 1480 1017 1513 Nam
1044 1481 1099 1522 qui
1127 1484 1208 1524 erat,
1237 1483 1287 1513 est
1312 1483 1344 1513 et
1370 1482 1440 1522 erit,

932 1529 1038 1563 Solvit
1064 1530 1249 1570 claustrum,
1276 1533 1385 1562 vectes
1410 1530 1488 1562 terit

979 1577 1026 1610 Et
1049 1580 1214 1619 pastorem
1238 1577 1366 1611 liberat.

929 1640 991 1674 Vir
1016 1639 1158 1674 infectae
1182 1641 1304 1681 speciei

933 1688 1081 1722 Clamat:
1107 1690 1264 1722 miserere
1286 1689 1370 1729 mei3

931 1737 1012 1770 &lox
1038 1746 1225 1779 compassus
1248 1739 1379 1770 sanctus
1402 1737 1453 1770 rei

981 1787 1104 1828 Purgat
1127 1788 1242 1827 leprae
1267 1786 1417 1819 scoriam.

932 1847 1043 1881 Morte
1069 1848 1177 1888 coepit
1201 1846 1301 1889 affici,

932 1896 1029 1930 Cives
1052 1897 1171 1929 adsunt
1201 1896 1315 1929 coelici

979 1945 1203 1986 spiritumque
1225 1943 1387 1978 deferunt.

932 2007 1045 2041 Sancti
1069 2006 1108 2040 fit
1131 2008 1287 2049 inventio,

932 2057 1057 2090 Thecla
1077 2055 1117 2089 fit
1144 2057 1184 2090 de
1207 2057 1316 2090 medio

978 2106 1060 2139 Post
1076 2107 1240 2146 sumptum
1264 2105 1429 2139 viaticum.

932 2169 1003 2202 Tua
1027 2177 1126 2209 prece
1151 2170 1217 2202 sint
1244 2170 1426 2210 compuncti

932 2219 998 2251 Pro
1022 2218 1178 2258 peccatis,
1204 2218 1292 2251 intus
1316 2218 1416 2260 uncti,

931 2266 1046 2299 Donec
1070 2266 1200 2299 Christo
1225 2267 1322 2308 plene
1343 2266 1450 2307 juncti

981 2314 1148 2349 Fruantur
1172 2317 1208 2348 in
1232 2316 1352 2357 patria.

223 2402 345 2431 Prosar.
366 2409 420 2430 ms.
441 2399 675 2429 Marchianense
695 2406 773 2427 saec.
801 2396 844 2427 15.
867 2398 939 2428 Cod.
961 2398 1111 2427 Duacens.
1134 2395 1198 2427 123.
