1652 2678
153 207 205 240 Ga

693 110 960 147 -101—

209 233 215 239 .
243 206 268 239 Ο
294 194 414 250 Maria,
440 208 596 250 templum
621 209 694 252 Dei,
856 208 916 243 eb.
939 210 1003 242 Pro
1029 209 1170 251 indignis
1198 208 1330 250 dignum
1357 210 1455 251 digna

240 255 337 289 Scala
364 256 455 296 coeli,
479 257 566 290 salus
591 258 650 301 rei,
938 256 1059 290 Natum
1084 266 1152 297 ora,
1180 265 1198 290 ο
1225 257 1373 299 benigna.

290 304 408 337 Mundi
433 314 508 345 spes
530 309 563 337 et
585 306 701 348 gloria,
987 306 1098 347 Virgo,
1125 304 1201 338 Sion
1227 304 1306 339 filia.

232 371 352 399 Prosar.
374 380 429 399 ms.
450 371 651 401 Lauduncnse
671 380 748 401 saec.
771 370 816 400 12.
840 371 911 401 (3011.
931 372 1121 401 Lauduncns.
1143 370 1208 401 263.

601 466 665 498 129.
705 466 749 498 Dc
769 466 866 498 beata
886 466 989 498 Maria
1009 466 1045 498 V,

156 528 215 563 la.
242 529 325 568 Ave,
354 528 451 561 stella
475 536 594 568 parens
620 527 709 567 solis,
858 527 917 561 lb.
938 528 1026 561 Rosa
1050 537 1198 566 vernans,
1226 528 1325 567 stirps
1352 528 1466 568 electa,

244 578 327 616 Ave,
353 576 446 617 virgo
470 575 581 608 fructu
604 575 708 616 prolis
938 576 1043 608 Terra
1066 575 1159 609 ferox
1186 578 1218 609 et
1241 576 1391 608 humecta

288 623 479 657 Fecundata
502 625 646 665 coelitus,
987 624 1075 657 Rore
1100 624 1204 657 sancti
1230 624 1374 666 spiritus

154 684 213 717 221.
242 682 346 715 Notus
371 681 460 714 Deus
485 682 519 714 in
544 681 679 723 Judaea,
856 682 916 715 2b.
941 683 1070 715 vervex
1094 682 1188 715 nobis
1213 683 1271 715 ille
1297 683 1402 715 datur.

237 730 344 764 Homo
368 733 464 762 natus
490 732 540 762 est
562 730 597 762 in
624 738 670 769 ea,
941 731 1001 770 Qui
1027 740 1086 772 pro
1109 730 1203 764 isaac
1227 734 1386 764 mactatur

290 779 372 819 Spes
399 778 576 811 communis
602 778 761 818 omnium3
986 778 1092 811 Dulce
1112 778 1314 812 sacrificium.

154 839 216 870 3a.
245 836 323 870 Sine
345 845 451 877 succo,
479 837 549 869 sine
574 845 648 869 rore
855 837 915 870 3b.
938 836 1074 869 Dulcem
1096 846 1221 877 nucem,
1249 846 1357 870 veram
1374 837 1490 877 lucem⁷

238 886 333 919 Viret
358 885 451 926 virga
477 885 557 918 dans
583 894 655 917 cum
679 883 760 918 flore
938 884 1033 918 Pium
1056 893 1175 929 regem⁷
1202 889 1326 918 rectum
1354 885 1467 918 ducem

289 933 403 967 Novae
428 933 570 966 fructum
595 933 729 975 gratiae2
985 934 1040 966 Ad
1064 935 1203 974 quietem
1227 934 1365 974 patriae.

153 993 216 1025 4a.
244 993 368 1025 Fracta
393 990 455 1023 fuit
479 991 560 1033 legis
586 1000 679 1027 vena,
855 991 915 1024 4b.
940 991 1077 1023 Noctem
1102 990 1194 1033 fugat
1215 991 1271 1024 lux
1296 1000 1429 1024 amoena

242 1041 317 1074 Jam
342 1042 465 1081 aperta,
490 1040 557 1079 jam
583 1048 699 1072 serena
938 1040 1003 1072 Per
1026 1040 1192 1072 lucernam
1217 1040 1251 1072 in
1274 1040 1400 1081 lagena,

289 1087 388 1130 Signa
412 1087 494 1120 fiunt
519 1090 650 1128 vetera,
987 1087 1089 1120 Jonae
1114 1090 1238 1120 marcet
1261 1088 1392 1120 hedera.

154 1149 214 1180 5a.
242 1146 316 1179 Jam
341 1144 489 1178 aufertur
513 1149 675 1186 sceptrum
694 1145 794 1189 Juda‚
856 1145 914 1179 5b.
937 1146 1048 1188 Tange
1073 1146 1187 1187 lyram7
1214 1155 1294 1179 sona
1317 1146 1440 1179 laudes.

241 1195 410 1236 synagoga
436 1194 529 1226 sedet
552 1194 641 1226 nuda
940 1196 1000 1234 Tu,
1015 1194 1070 1235 qui
1082 1194 1243 1227 Christum
1253 1197 1363 1227 natum
1375 1194 1498 1235 gaudes

290 1242 397 1276 Scisso
422 1242 502 1283 legis
526 1242 678 1284 tegmine,
987 1242 1040 1274 Ex
1060 1242 1168 1275 Maria
1193 1242 1330 1283 virgine.

155 1303 213 1335 6a.
242 1301 367 1334 Umbra
392 1309 500 1334 sumus
525 1298 665 1340 faexque
688 1299 793 1338 fimus
857 1301 916 1334 6b.
938 1301 1048 1333 Mater
1074 1309 1151 1333 vera
1175 1300 1261 1341 regis
1287 1301 1366 1340 veri,

243 1349 350 1382 Pressi
374 1349 468 1381 malis
491 1349 560 1389 jam
584 1349 738 1390 perimus,
940 1349 1048 1389 Potes,
1075 1349 1102 1380 si
1126 1348 1185 1393 vis,
1212 1358 1270 1381 nos
1294 1349 1395 1389 tueri3

238 1398 263 1431 Ο
289 1397 408 1438 Maria,
434 1397 498 1430 nisi
522 1396 622 1429 simus
941 1398 1078 1430 Praesta
1100 1397 1196 1430 nobis
1219 1397 1400 1437 promereri

289 1446 366 1479 Tuis
390 1447 452 1478 tuti
477 1446 648 1486 precibus;
987 1445 1108 1478 Locum
1134 1446 1169 1478 in
1195 1445 1386 1478 coelestibus

233 1514 316 1541 Miss.
338 1522 392 1541 ms.
413 1512 486 1541 bibl.
507 1513 675 1540 Rossianae
696 1520 773 1540 saec.
798 1510 833 1541 13
854 1514 884 1540 et
905 1510 949 1540 15.
972 1511 1037 1540 add.
1059 1520 1136 1540 sace.
1161 1510 1204 1541 13.

596 1596 659 1629 130.
699 1597 743 1629 De
764 1596 862 1629 beata
882 1596 985 1629 Maria
1005 1597 1041 1628 V.

603 1661 633 1694 1.
660 1662 742 1704 Ave7
774 1659 871 1692 stella
895 1659 1062 1692 matutina?

659 1708 763 1741 Plena
787 1708 893 1751 gratia
919 1708 1039 1742 divina.

151 1769 210 1802 2a.
236 1768 321 1808 Ave,
347 1776 467 1808 sponsa
491 1770 584 1808 grata
608 1766 691 1809 Deo,
853 1767 912 1801 ab.
938 1767 1118 1799 Benedicta
1141 1775 1260 1806 parens
1288 1765 1419 1801 Christi.

238 1816 359 1848 Tecum
384 1816 483 1856 Deus,
508 1818 544 1848 tu
570 1824 642 1847 cum
668 1824 715 1847 eo.
937 1815 1036 1855 Virgo
1061 1814 1167 1848 Deum
1191 1814 1358 1856 peperisti.

151 1876 210 1910 3a.
241 1874 366 1916 Gaude,
394 1872 473 1906 felix
500 1877 533 1905 et
555 1872 653 1906 beata
853 1873 911 1908 3b.
938 1873 1062 1914 Gaude,
1089 1873 1180 1914 virgo
1205 1876 1309 1906 mater
1334 1873 1467 1916 Chr1sti‚

234 1923 361 1964 Sponsa
384 1922 454 1956 Deo
482 1924 681 1963 consecrata,
937 1922 1026 1962 Quae
1050 1931 1116 1955 non
1140 1925 1243 1963 nupta
1269 1922 1457 1964 concepisti,

236 1972 336 2014 Virgo
363 1971 462 2005 verbo
488 1971 668 2012 gravidata,
936 1970 1011 2004 Non
1037 1973 1189 2012 corrupta
1214 1971 1381 2013 peperisti,

237 2020 303 2054 Sed
327 2030 391 2054 non
417 2020 526 2062 gravis
552 2023 609 2052 aut
633 2023 778 2060 gravata.
935 2019 1071 2053 Issibata
1094 2019 1311 2060 permansisti.

148 2081 211 2115 4a.
238 2079 264 2110 V
269 2080 348 2112 erbo
373 2079 478 2120 patris
501 2079 674 2119 inspirata,
848 2078 909 2112 410.
929 2078 1031 2111 Nulla
1055 2078 1147 2119 prior
1170 2086 1232 2111 nec
1257 2077 1402 2112 secunda

235 2128 285 2161 Tu
310 2128 411 2161 rubus
437 2137 470 2160 es
497 2125 671 2167 inflamma,
932 2127 1007 2160 Tali
1030 2127 1124 2168 prole
1147 2136 1208 2159 nec
1233 2125 1383 2167 fecunda,

235 2177 333 2218 Quasi
354 2176 458 2210 vellus
481 2177 630 2215 irrorata,
931 2175 1033 2209 Nulla
1058 2179 1146 2209 certe
1170 2177 1218 2209 sic
1242 2176 1365 2210 intacta

233 2226 331 2268 Quasi
356 2225 454 2259 tellus
478 2225 648 2258 instillata.
932 2224 1009 2258 Sine
1033 2226 1103 2258 viro
1128 2229 1233 2258 mater
1258 2223 1355 2258 facta.

145 2289 204 2322 5a.
230 2285 320 2327 Ergo
346 2294 467 2326 sponsa
491 2283 655 2325 specialia
849 2284 905 2319 5b.
929 2284 1054 2324 Sponsa
1080 2287 1149 2317 tota
1173 2284 1380 2324 laetabunda,

233 2334 292 2369 Cui
315 2334 407 2369 nulla
433 2333 626 2375 coaequalis,
930 2333 1015 2366 Tota
1038 2333 1186 2374 pulchra,
1214 2333 1312 2373 clara,
1339 2334 1469 2373 munda,

229 2384 300 2420 Fac
322 2393 382 2416 nos
408 2383 484 2416 licet
509 2381 697 2423 inaequales
929 2381 1000 2414 Fac
1018 2391 1079 2416 nos
1102 2383 1208 2415 claros
1233 2385 1267 2415 et
1289 2383 1436 2425 pudicos

227 2434 353 2475 sponso
379 2436 434 2466 tuo
462 2431 661 2473 consodales.
682 2444 726 2486 ,ξι
787 2437 859 2449 Q·-
919 2430 1054 2480 „Sponso
1081 2439 1172 2465 caros
1197 2435 1231 2465 et
1254 2432 1383 2469 amicos,
