1652 2678
681 107 848 144 —305
901 128 945 133 —

140 200 200 234 5a.
228 200 321 233 Tunc
347 202 450 235 virtus
477 203 571 237 adest
598 205 718 249 divina,

225 247 431 283 Conservans
458 251 527 293 ejus
552 253 686 293 lumina,

274 296 323 331 Ut
345 298 478 332 illaesus
505 304 610 335 exeat.

138 356 200 389 69.
230 355 351 389 Caesar
377 355 499 398 furens,
525 359 664 392 indilate

227 403 390 446 Cervices,
417 406 474 448 ait,
501 409 661 450 truncate,

276 451 355 487 Cum
381 454 476 487 nobis
502 455 728 490 adversantur.

137 510 199 545 7a.
228 510 349 544 Carcer
368 514 464 546 atrox
488 517 716 555 praeparatur,

224 559 299 592 Illic
323 563 451 602 martyr
475 562 650 602 relegatur,

272 608 338 641 Sed
364 609 427 641 hoc
449 609 533 642 nihil
559 610 679 654 valuit3

136 663 196 699 8a.
222 667 303 699 Post
327 666 415 699 hunc
438 667 542 699 mittit
564 668 744 709 imperator

221 714 268 747 Et
291 714 402 747 adfuit
425 716 606 757 spiculator

274 762 443 796 Truncans
470 763 539 803 ejus
567 764 726 797 cervicem
739 776 747 806 3

846 205 905 240 5b.
929 207 1023 241 Cives
1049 210 1116 239 tres
1142 215 1251 248 regem
1275 207 1457 249 increpant,

928 255 1002 287 Non
1027 257 1076 288 tot
1100 253 1223 288 inferre
1248 253 1414 288 affirmant

976 303 1063 336 Huic
1087 305 1199 336 sancto
1225 306 1394 338 tormenta.

846 359 904 394 6b.
927 360 1058 403 Martyr
1081 361 1145 393 Dei
1170 362 1352 403 sagittatur,

930 409 996 442 Sed
1020 410 1132 442 oculus
1157 409 1344 450 perforatur

979 457 1125 491 Caesaris
1152 458 1318 492 divinitus.

844 516 863 550 7
871 514 904 550 b.
927 515 1040 556 Pergit
1063 514 1152 548 foras
1178 516 1220 548 ad
1246 515 1390 557 propria,

927 564 1046 596 Patent
1070 562 1158 596 fores
1184 566 1217 596 et
1241 563 1325 597 ostia

975 611 1096 653 Sopitis
1124 611 1321 646 custodibus.

843 668 902 703 8b.
926 669 1033 710 Caput
1059 679 1151 703 suum
1175 670 1362 711 sepulturae

925 718 1043 750 Portat
1064 721 1103 750 ut
1125 719 1249 760 vivens,
1275 718 1394 750 tellure

975 766 1184 799 Recondatur
1209 766 1406 799 humanitus.

520 823 552 856 9.
578 823 698 856 Preces
723 832 784 863 pro
810 823 904 856 nobis
929 823 1062 866 largire,

577 871 752 904 Valeamus
780 872 834 904 die
857 872 927 904 irae

581 919 750 961 Supplicia
772 930 839 953 non
864 920 986 953 sentire

578 967 625 1000 Et
649 969 697 1000 sic
722 968 855 1001 tandem
879 969 1053 1008 pervenire

628 1017 668 1049 111
693 1024 870 1056 perennem
895 1017 1042 1058 gloriam.

211 1080 298 1109 Miss.
320 1080 469 1110 Trecense
489 1082 560 1118 imp.
581 1082 684 1111 Trecis
710 1079 786 1110 1514
804 1083 840 1110 A.
862 1098 901 1103 -
925 1083 1010 1111 ffiss.
1031 1083 1179 1110 Trecense
1198 1083 1268 1118 imp.
1291 1078 1374 1109 1533.
1395 1082 1433 1110 B.

551 1193 622 1226 405.
662 1195 708 1226 De
728 1194 837 1226 sancto
859 1194 1059 1227 Sebastiano.

133 1274 192 1309 la.
219 1273 336 1307 Inclite
361 1277 488 1317 martyr
513 1274 669 1319 Romane,

215 1323 317 1356 Beate
343 1322 545 1364 Sebastiane,

132 1382 189 1415 2a.
216 1381 316 1414 Miles
341 1390 453 1423 verax,
477 1382 595 1425 justus,
622 1380 718 1414 fortis

215 1430 440 1471 Princepsque
464 1430 590 1471 primae
616 1429 758 1463 cohortis

131 1488 191 1523 ea.
215 1487 316 1521 Jussu
340 1497 478 1529 quorum
502 1497 618 1528 passus
645 1497 679 1521 es

215 1536 392 1570 Tormenta
417 1541 450 1569 et
476 1545 634 1578 carceres,

132 1595 191 1628 4³..
220 1595 252 1627 A
279 1594 395 1635 quibus
420 1595 469 1627 sic
493 1595 666 1635 sagittatus

215 1641 329 1675 Medio
360 1651 473 1683 campo
495 1643 616 1684 ligatus

132 1700 189 1733 59.
219 1700 270 1732 Τ11
297 1707 330 1731 es
357 1708 435 1732 vere
456 1702 582 1740 martyr
609 1700 740 1742 Christi,

218 1748 379 1781 Succurre
403 1748 525 1789 populo
551 1749 649 1790 tristi,

837 1275 898 1309 lb.
922 1274 1009 1308 Civis
1034 1275 1301 1315 Mediolanensis‚

922 1323 988 1356 Sed
1013 1331 1132 1365 genere
1156 1323 1397 1365 Narbonensis3

836 1381 895 1415 2b.
920 1381 1067 1414 Duorum
1091 1381 1335 1424 imperatorum,

922 1429 1134 1471 chlamydem
1160 1428 1269 1462 ferens
1296 1438 1429 1471 eorum,

836 1488 897 1522 ab.
918 1488 1068 1521 Verbera
1092 1486 1279 1520 carnificum

920 1536 966 1569 Et
990 1536 1210 1578 blasphemias
1237 1536 1386 1578 militum,

835 1595 895 1629 4b.
917 1594 1035 1635 Fuisti,
1061 1594 1148 1636 quod
1173 1593 1356 1635 apparebas

917 1642 1058 1683 Eficius,
1087 1642 1163 1674 dum
1187 1642 1332 1676 vivebas.

835 1701 894 1735 5b.
915 1700 969 1733 Ne
993 1700 1135 1741 spiritali
1160 1700 1279 1741 sagitta

918 1748 989 1781 Nec
1013 1749 1128 1782 lancea
1153 1749 1197 1780 sit
1221 1746 1354 1782 afflicta.

206 1815 293 1844 Miss.
312 1823 367 1843 ms.
384 1814 414 1843 S.
429 1815 513 1843 Petri
526 1814 733 1843 Moissiacens.
756 1823 833 1843 saec.
857 1813 901 1843 15.
917 1814 988 1843 Cod.
1003 1815 1145 1844 Tolosan.
1169 1813 1233 1843 106.
1252 1814 1318 1844 add.
1334 1824 1411 1844 saec.
1429 1814 1483 1845 15„

555 1927 627 1960 406.
671 1928 716 1960 De
736 1929 845 1960 sancto
867 1927 1065 1960 Sebastiano.

128 2011 186 2046 la.
216 2010 332 2044 Cantet
360 2011 477 2044 chorus
506 2019 546 2043 ex
572 2010 689 2043 affectu

211 2059 318 2092 Dulce
343 2060 445 2092 melos
471 2061 506 2093 in
530 2062 706 2100 conspectu

261 2109 484 2149 Supernorum
511 2108 638 2142 civium.

125 2168 184 2203 2a.
208 2167 334 2200 Thema
358 2168 462 2200 nostri
489 2169 602 2200 cantus
627 2165 718 2208 plani

209 2216 249 2249 In
273 2216 405 2249 laudem
430 2215 614 2249 Sebastiani

259 2265 377 2306 Vergit
401 2267 436 2297 et
456 2265 642 2306 praeconia,

123 2325 180 2359 3a.
209 2323 338 2366 Nempe
362 2323 474 2356 Jesum
500 2322 694 2364 insequitur,

207 2373 264 2406 Illi
290 2381 417 2415 quoque
443 2372 643 2416 obsequitur,

255 2422 323 2456 Sed
347 2422 432 2455 illud
459 2421 530 2456 vult
554 2421 668 2463 latere,

178 2483 310 2510 Dreves,
326 2483 475 2512 Sequentiae
488 2481 606 2506 Ineditae.
635 2481 680 2505 111.

832 2009 892 2043 lb·
914 2010 996 2042 Voci
1020 2018 1127 2043 mores
1155 2013 1381 2053 coaequentur,

914 2059 1046 2092 Laudes
1072 2060 1194 2091 sanctis
1213 2069 1285 2092 cum
1302 2060 1476 2095 solvuntur

963 2108 1003 2140 1n
1030 2108 1144 2140 horum
1171 2108 1371 2150 obsequium.

831 2165 888 2199 2b.
914 2165 975 2206 Qui
999 2166 1140 2199 labentis
1166 2166 1280 2200 mundi
1304 2167 1380 2199 vani

915 2214 963 2248 Ob
990 2223 1132 2248 amorem
1158 2216 1244 2257 regis
1269 2216 1378 2257 magni

962 2264 1167 2304 Aspernatur
1191 2264 1314 2298 mollia.

829 2322 890 2357 3b.
914 2321 989 2354 Non
1014 2322 1132 2355 timore
1157 2323 1318 2364 passionis

912 2371 982 2405 Aut
1003 2372 1087 2412 juris
1111 2371 1293 2405 amissionis

959 2420 1099 2454 Virtutis
1123 2421 1183 2454 sed
1208 2430 1321 2463 opere.

1257 2477 1294 2507 20
