1652 2678
672 97 911 133 „58—

121 201 178 234 5a.
207 197 368 240 Suffragia
392 198 622 232 monachorum

202 246 323 280 Vincla
343 248 471 280 solvant
497 246 689 278 delictorum

254 293 414 328 Mellifluo
440 294 592 327 carmine.

123 355 179 387 6a.
206 352 254 385 Ut
278 355 411 385 ovantes
436 359 618 384 mereamur

207 400 372 441 Obtinere,
399 399 485 441 quod
509 406 689 438 precamur,

254 448 316 480 Dei
342 448 425 481 dono
451 446 586 489 gratiae,

129 508 185 542 ¹7a.
214 506 279 538 Pro
306 505 487 545 epidemiae
512 506 605 543 peste

205 553 300 585 Forti
324 561 384 584 nos
411 551 577 584 circumda
602 553 703 592 veste,

210 600 262 632 Ne
288 600 462 641 quidquam
489 601 617 639 premat
631 598 768 630 moleste

259 648 384 688 Corpus
409 648 532 690 laesum
560 646 704 686 crimine,

130 708 185 740 Sa.
213 705 397 738 Humanam
421 713 560 745 namque
584 707 734 737 naturam

209 753 312 786 Tuam
343 752 487 786 formans
513 753 556 785 acl
580 751 717 793 figuram

207 801 319 834 Vitam
343 802 482 842 praebes
511 801 701 834 duraturam

256 850 296 883 In
328 851 460 882 coelesti
487 849 587 882 curia.

128 911 183 943 9a.
211 908 387 941 Precantes
413 907 490 941 audi
513 907 683 948 benignus,

209 956 257 988 Te
282 956 439 989 condecet
465 955 569 988 dulcis
596 955 742 995 hymnus,

210 1005 328 1037 Preces
354 1007 482 1037 nostras
508 1012 599 1035 sume
625 1003 752 1044 dignus,

209 1051 261 1084 Ne
289 1061 349 1084 nos
374 1051 497 1093 praedo
523 1051 715 1084 Baratrinus

261 1101 426 1142 Torqueat
451 1100 621 1140 supplicio.

821 194 880 228 5b.
901 194 989 226 Hinc
1016 190 1157 223 caelibes
1185 190 1339 222 eremitae

904 241 1046 273 Nostrae
1070 241 1201 279 tergant
1225 246 1326 271 noxas
1354 237 1440 270 vitae

955 287 1094 320 Decenti
1119 286 1317 328 precamine.

823 346 883 381 6b.
904 345 1013 378 Morte
1037 347 1147 377 servet
1171 344 1353 385 repentina,

907 393 958 426 Ne
982 402 1041 426 nos
1067 393 1180 425 laedat
1204 391 1394 433 serpentina

952 441 1066 474 Bestia
1090 441 1245 476 malitiae.

827 500 885 534 7b.
909 499 1045 532 Animas
1072 507 1190 531 ornans
1212 499 1344 538 virtute,

908 547 1037 589 Dignae
1058 547 1145 587 quod
1170 547 1236 579 sint
1259 547 1323 579 hae
1348 545 1453 578 salute

909 596 967 636 Te,
994 603 1053 628 rex
1080 595 1218 637 Christe,
1247 596 1438 628 consecutae

961 644 1166 684 Sempiterno
1191 644 1322 676 lumine.

827 702 886 737 812.
912 703 1069 735 Misertus
1098 702 1175 734 hinc
1200 705 1370 735 creaturae

909 751 1000 784 Tuae
1024 750 1113 782 subis
1138 751 1327 791 sepulturae

908 799 1027 832 Mortis
1051 799 1127 839 jura
1150 808 1266 840 passus
1293 798 1394 831 durae

961 848 1137 881 Tormenta
1156 856 1217 888 per
1242 846 1346 880 varia.

827 905 884 939 9b.
906 906 1025 939 Mundi
1049 913 1145 937 cerne
1169 914 1255 937 nunc
1279 907 1431 946 precatus

911 954 991 994 Ejus
1018 953 1157 986 delendo
1182 956 1305 995 reatus,

911 1002 957 1036 Ut
980 1003 1013 1034 in
1039 1000 1104 1034 fine
1129 1001 1307 1040 trabeatus,

909 1051 1019 1083 Astris
1043 1050 1108 1081 tuis
1132 1050 1299 1082 laureatus

960 1098 1141 1139 Splendeat
1162 1098 1296 1138 judicio.

201 1186 286 1214 Miss.
314 1195 368 1213 nis.
395 1186 523 1214 Eduens
563 1193 639 1212 saec.
672 1183 716 1213 15.
744 1193 788 1212 ex,
816 1184 886 1212 Ood.
915 1185 1024 1213 Semin.
1053 1183 1186 1211 Eduens.
1217 1182 1281 1212 120.
1308 1197 1346 1201 —
1366 1181 1427 1219 51),
1450 1181 1469 1210 2

125 1233 219 1254 nexus
241 1225 295 1253 ΗΓ.
379 1224 430 1260 721,
452 1222 470 1253 3
491 1223 637 1260 quidquid
661 1224 716 1252 Hs.

512 1346 551 1377 71.
593 1346 653 1378 Pro
677 1344 830 1377 evitanda
850 1345 1061 1378 mortalitate.

127 1434 184 1468 la.
212 1431 263 1464 De
288 1431 460 1472 profundis
486 1432 528 1465 ad
553 1434 586 1464 te
612 1432 730 1465 clamat

213 1480 323 1521 Plebs,
349 1483 386 1512 ut
410 1483 444 1513 te
468 1480 558 1521 pium
584 1480 713 1522 habeat,

266 1528 394 1561 Christe
417 1528 674 1570 clementissime,

127 1589 186 1621 2a.
213 1586 261 1618 Te
286 1587 451 1627 supplicat
476 1594 547 1618 cum
572 1589 722 1627 tremore,

211 1634 258 1668 Ut
283 1634 441 1668 defendas
467 1643 487 1666 a
515 1634 626 1667 dolore

261 1683 379 1716 Mortis
406 1682 638 1717 amarissimae.

129 1743 186 1777 3a,
213 1741 273 1782 Tu,
301 1741 356 1782 qui
381 1750 446 1774 non
472 1740 521 1773 vis
547 1744 753 1782 peccatorem

213 1789 301 1821 Mori
326 1789 385 1822 sed
410 1789 473 1822 sibi
498 1789 644 1830 vigorem

259 1837 328 1870 Das
353 1837 480 1871 vitandi
502 1838 613 1878 jacula

128 1898 186 1930 4a.
214 1895 279 1928 Sed
304 1896 395 1929 vivat
419 1898 451 1928 et
476 1897 624 1936 poenitat

213 1944 259 1976 Et
283 1953 303 1976 a
326 1945 421 1977 malis
447 1944 610 1977 abstineat

263 1993 455 2025 Adhaerens
481 1992 575 2026 bonis
601 1995 737 2027 actibus.

132 2053 189 2085 5a.
216 2050 318 2092 Virgo
342 2057 448 2084 mater
474 2060 547 2083 cum
572 2053 709 2085 sacratis

213 2099 412 2140 Virginibus,
437 2099 595 2133 trinitatis

214 2147 303 2180 Iram
326 2157 424 2188 prece
449 2148 630 2190 mulceatis,

214 2195 267 2227 Ne
290 2199 408 2229 noceat
430 2205 492 2230 nos
513 2197 596 2229 haec
622 2198 725 2238 pestis

266 2244 415 2277 Peccatis
443 2244 655 2286 exigentibus

137 2303 193 2335 6a.
222 2301 321 2334 Orate
346 2302 462 2345 Deum,
489 2303 628 2343 petimus

218 2348 296 2390 Vos,
323 2359 401 2391 quos
426 2353 582 2392 patronos
609 2353 772 2385 credimus

266 2398 425 2439 Reliquiis
449 2400 687 2440 praesentibus,

830 1431 889 1465 lb.
912 1431 984 1464 Tua
1003 1430 1107 1464 virtus
1132 1431 1218 1464 hanc
1243 1429 1410 1474 defendat,

915 1479 995 1513 Cum
1019 1481 1162 1512 tremore
1185 1479 1248 1512 tibi
1275 1479 1394 1511 clamat

961 1527 1149 1569 Psallcndo,
1174 1528 1355 1560 mitissime.

829 1586 888 1620 21).
912 1584 1053 1627 P'ropter
1075 1586 1180 1618 scelus
1206 1588 1431 1627 perpetratum

915 1634 978 1668 Cor
1004 1634 1180 1667 contritum
1203 1638 1236 1667 et
1262 1635 1414 1668 devotum

963 1682 1088 1716 Reddit
1112 1683 1357 1717 instantissime.

831 1742 892 1776 3b.
914 1742 1051 1785 Inimici,
1082 1741 1157 1774 dum
1184 1750 1328 1775 amorem

914 1791 1019 1823 Tuum
1047 1793 1192 1823 meretur
1216 1799 1277 1832 per
1301 1798 1424 1823 morem

961 1839 1054 1872 Bona
1078 1839 1227 1872 sectandi
1253 1847 1363 1880 opera.

830 1897 890 1932 41).
913 1899 959 1932 Et
983 1901 1017 1930 te
1041 1897 1131 1937 pium
1157 1897 1251 1938 plebs
1277 1896 1407 1938 habeat,

915 1946 992 1979 Tibi
1017 1946 1142 1978 servire
1166 1947 1299 1979 studeat

966 1995 1079 2028 Clerus
1105 1994 1140 2026 in
1166 1995 1269 2027 sacris
1294 1994 1447 2028 aedibus.

832 2053 892 2087 5b.
918 2053 983 2086 Vos
1009 2060 1183 2094 precamur
1206 2055 1238 2085 et
1264 2053 1407 2095 angelos,

917 2102 1102 2143 Baptistam
1127 2104 1160 2133 et
1184 2102 1361 2143 apostolOS,

917 2150 1101 2191 Prophetas
1129 2153 1162 2183 et
1189 2151 1378 2192 discipulos,

916 2199 1085 2240 Martyres
1110 2202 1241 2232 sanctos
1266 2199 1424 2240 singulos,

966 2248 1073 2281 Deum
1096 2248 1228 2288 placate
1252 2247 1416 2289 precibus.

835 2307 854 2338 6
864 2305 896 2339 b.
920 2305 1102 2345 Praecipue
1128 2304 1320 2338 confidimus

920 2354 1047 2386 Vestris
1073 2352 1286 2394 orationibus,

965 2402 1013 2435 Ut
1029 2400 1211 2433 morbidam
1226 2406 1350 2442 pestem
1364 2404 1478 2444 pellat.
