1652 2678
747 68 1015 103 2192-—

211 165 267 196 2a.
295 162 464 204 Honorati,
493 166 547 205 qui
573 165 695 198 honore

294 210 488 245 Declaratur
515 214 630 255 dignus
654 212 726 246 fore

340 260 448 301 Signis
474 264 507 293 et
535 261 711 295 miraculis.

210 318 267 350 Sa.
294 317 369 354 Hic„
398 319 472 351 (lum
497 319 630 351 missam
656 317 844 350 celebravit.

288 365 407 398 Manus
434 366 554 399 Christi
577 366 778 398 consecravit

340 414 489 446 Hostiam
514 412 661 453 mirifice,

207 473 266 504 411.
293 471 444 511 Paralysi
471 470 628 510 dissoluti,

291 519 399 559 Caeci,
423 518 544 559 claudi,
574 518 667 550 surdi
690 518 783 558 muti,

290 567 374 599 Sunt
398 567 495 599 saluti
520 565 663 598 restituti

340 614 403 646 Suo
428 614 652 647 medicamine-

206 673 264 704 δα.
294 671 377 704 Olim
404 674 555 704 consueto
580 679 670 703 more

293 718 474 752 Ferebatur
501 728 574 751 cum
598 719 721 751 honore

335 767 374 798 In
400 767 540 807 quadam
566 766 714 808 ecclesia,

203 824 260 857 6a.
287 823 370 855 Nam
396 832 459 864 qua
482 826 579 864 parte
606 823 784 866 ferebatur,

286 871 372 904 Illuc
397 872 510 904 statim
534 872 725 905 vertebatur

336 919 490 952 Crucifixi
515 920 661 961 species3

203 978 257 1010 7a.
285 977 340 1009 Ad
367 978 453 1010 huno
478 986 553 1018 ergo
579 980 647 1009 tam
671 976 813 1021 beatum,

285 1026 349 1058 Tot
374 1030 407 1058 et
430 1026 529 1058 tantis
556 1025 773 1066 approbatum

285 1074 504 1106 Recurramus
528 1074 743 1117 Honoratum,

285 1122 344 1162 Qui
370 1125 516 1155 nostrum
541 1126 661 1163 purget
685 1126 813 1155 reatum

331 1171 396 1203 Per
422 1179 480 1203 sua
505 1170 669 1212 suffragia.

908 165 966 199 2b.
992 165 1057 197 Hic
1083 169 1133 197 est
1157 165 1212 205 id,
1240 163 1325 206 quod
1352 160 1548 194 nominatur,

990 213 1074 245 Nam
1099 222 1120 245 a
1145 214 1269 246 cunctis
1296 209 1475 243 honoratur

1039 259 1199 293 Gentibus
1226 263 1259 292 et
1282 254 1423 299 populis,

907 317 965 352 3b.
990 317 1093 356 Quam
1117 318 1273 358 adspexit„
1295 310 1470 347 manifeste

991 364 1185 398 Successore
1210 373 1267 397 suo
1293 366 1386 402 teste,

1036 413 1146 446 Salvio
1172 410 1336 454 pontifice.

904 469 965 504 4b.
988 469 1071 510 Ejus
1097 479 1159 511 ope
1187 477 1303 502 caecae
1330 468 1428 498 natae

989 517 1074 550 Snnt„
1096 517 1276 558 palpebrae
1301 515 1477 551 reseratae,

985 565 1072 599 Dum
1099 566 1232 598 fuerunt
1258 559 1459 595 confricatae

1036 614 1163 646 Altaris
1190 611 1361 644 velamine.

904 669 965 704 512.
987 671 1027 704 In
1054 680 1117 710 qua
1138 670 1286 711 pendens
1303 666 1410 701 forma
1427 666 1552 700 Christi

991 717 1146 751 Crucifixi
1170 719 1354 750 monstrans
1379 716 1436 748 isti

1036 766 1193 799 Praebuit
1218 764 1385 805 obsequia.

906 822 966 857 6b.
991 823 1084 862 Quod
1112 825 1229 856 devote
1256 822 1440 855 retulerunt

991 871 1119 912 Omnes,
1134 873 1189 912 qui
1201 871 1289 904 hanc
1297 874 1555 914 conspexerunt,

1039 919 1081 952 Se
1105 922 1289 953 vertentem
1313 920 1438 961 pluries

905 979 923 1010 ’7
932 976 965 1010 b.
987 977 1034 1010 Ut
1058 987 1119 1019 per
1143 980 1270 1011 tantum
1296 979 1491 1011 advocatum

990 1026 1166 1059 Videamus
1189 1027 1382 1068 increatum,

987 1075 1093 1109 Deum
1119 1079 1258 1117 patrem,
1285 1075 1391 1108 Deum
1416 1079 1529 1109 natum

986 1124 1233 1165 Amborumque
1258 1133 1388 1157 sacrum
1413 1123 1528 1157 flatum

1035 1173 1239 1213 Regnantem
1264 1174 1299 1205 in
1324 1174 1438 1215 gloria.

273 1237 360 1265 Miss.
382 1245 436 1265 ms.
458 1236 487 1264 S.
510 1236 660 1265 Johannis
680 1237 874 1266 Ambianens.
896 1246 974 1267 saec.
999 1236 1044 1267 15.
1067 1238 1137 1267 Cod.
1154 1239 1347 1268 Ambianens.
1372 1238 1436 1269 163.
1450 1241 1486 1269 A.
1508 1257 1547 1262 —

197 1277 282 1304 Miss.
302 1276 505 1304 Ambianense
523 1276 596 1312 imp.
617 1276 779 1312 Rotomagi
799 1274 884 1305 1506.
899 1278 932 1305 B.
955 1292 995 1296 —
1013 1278 1099 1306 Miss.
1113 1279 1317 1307 Ambianense
1333 1281 1404 1316 imp.
1417 1280 1550 1309 Parisiis

199 1312 282 1343 1529.
305 1314 335 1342 C.
363 1328 400 1334 —-—
430 1312 490 1348 3a,
519 1311 537 1343 ἲ
558 1315 688 1343 Hostiae
708 1317 746 1342 A.
774 1331 813 1336 —-
839 1313 899 1350 31),
931 1313 949 1344 2
972 1315 1154 1345 crucifixum
1174 1318 1210 1346 A.
1241 1332 1280 1338 —
1308 1318 1367 1354 712,
1393 1317 1408 1347 1
1430 1319 1474 1347 Ut
1492 1328 1548 1356 per

198 1356 258 1381 tam
268 1362 300 1380 >n
319 1353 361 1389 A3
383 1354 417 1380 ut
440 1356 616 1390 peccantum
639 1354 671 1382 Ο.

631 1448 699 1481 255.
739 1448 784 1481 De
803 1450 913 1481 sancto
934 1449 1102 1482 Honorato.

658 1508 820 1539 Dominioa
837 1507 919 1539 infra
939 1513 1082 1540 octavam.

200 1568 257 1602 la.
286 1569 311 1602 Ο
338 1567 451 1601 felices
477 1571 510 1600 et
533 1568 631 1610 beati,

283 1617 344 1658 Qui
369 1617 543 1658 praeclara
564 1617 636 1650 Deo
661 1617 747 1660 grati

285 1665 488 1700 Confessoris
514 1665 676 1700 Honorati

334 1714 450 1747 Colunt
477 1713 573 1756 festa,

201 1773 258 1806 2a.
286 1772 312 1805 Ο
338 1771 453 1805 beatus
478 1773 536 1805 ille
561 1773 708 1815 thronus,

283 1821 324 1853 In
350 1829 411 1861 quo
438 1821 526 1853 sedit
550 1821 605 1854 hic
628 1825 799 1864 patronus,

284 1870 397 1902 Justus
419 1869 534 1912 judex,
561 1873 674 1911 pastor
700 1871 815 1916 bonus,

331 1916 453 1950 Forma
477 1919 595 1959 gregis.

201 1975 258 2008 3a.
282 1974 330 2007 Ut
350 1976 529 2014 praeclaris
558 1977 681 2010 clarum
705 1978 792 2010 notis

285 2022 385 2054 Esset,
409 2025 542 2067 mundo,
571 2025 662 2064 cujus
690 2025 775 2058 dotis

284 2069 369 2102 Erat
392 2071 462 2103 vita
485 2073 665 2105 sacerdotis

331 2118 432 2158 Apud
456 2119 571 2153 Deum.

202 2175 260 2209 4a.
285 2174 332 2206 Et
356 2175 519 2208 viventem
545 2180 578 2208 et.
602 2181 678 2218 post
702 2176 806 2210 fatum

285 2221 460 2263 Insiguivit
482 2224 687 2258 Honoratum

286 2269 356 2309 Ope
380 2271 494 2303 crebra
520 2274 695 2306 sanitatum

335 2317 393 2349 Vis
419 2327 570 2359 superna.

900 1570 960 1604 lb.
987 1570 1092 1605 Cedat
1118 1571 1198 1612 dies,
1223 1572 1343 1605 cedant
1367 1573 1470 1605 horae

984 1619 1083 1652 Tanti
1107 1621 1213 1661 patris
1237 1621 1274 1653 in
1297 1621 1433 1662 honore,

985 1667 1101 1709 Neque
1124 1671 1231 1702 cesset:
1254 1670 1326 1702 laus
1352 1670 1394 1703 ab
1423 1679 1482 1703 ore

1034 1717 1170 1759 Voxque
1195 1717 1291 1752 festa.

901 1775 960 1809 2b.
986 1775 1086 1818 Gregi
1113 1775 1250 1810 formam
1279 1777 1466 1820 exhibebat,

984 1824 1072 1857 Dum
1088 1825 1267 1868 implendo,
1287 1827 1375 1867 quod
1395 1828 1545 1869 docebat,

985 1875 1025 1906 In
1048 1883 1084 1907 se
1109 1875 1268 1915 scriptum
1293 1876 1491 1909 ostendebat,

1031 1922 1167 1955 Librum
1193 1923 1285 1963 legis.

902 1979 961 2013 3b.
986 1979 1066 2012 Visa
1090 1978 1155 2011 fuit
1178 1980 1222 2011 ad
1247 1980 1354 2013 altare

985 2027 1105 2060 Manus
1131 2035 1259 2060 sacrum
1287 2036 1481 2064 consecrare

988 2075 1050 2108 Dei
1075 2084 1190 2107 manus
1217 2077 1250 2106 et
1273 2077 1397 2110 micare

1035 2124 1141 2164 Super
1167 2131 1249 2155 eum.

902 2180 963 2213 4b.
988 2179 1046 2214 Pie
1070 2183 1175 2221 pater,
1202 2183 1317 2220 pastor
1341 2182 1437 2228 bone,

987 2228 1099 2260 Vitam
1123 2231 1271 2261 nostram
1294 2229 1343 2261 sio
1370 2231 1518 2278 dispone,

987 2276 1080 2315 Quod
1105 2274 1251 2309 fruamur
1276 2276 1401 2311 visione

1035 2323 1240 2364 Sempiterna

719 2381 749 2411 5.
780 2379 859 2412 Cum
883 2379 1006 2414 electis.
