1652 2678
730 108 994 146 —271—

194 208 252 241 Sa.
280 205 373 237 Piam
399 210 580 247 exorantes,
897 207 956 242 8b.
979 208 1025 241 Ut
1048 209 1156 240 servet
1180 208 1342 248 rogantes,

329 255 417 295 Quae
442 264 625 296 supremum
655 256 783 297 excitat,
1030 256 1114 296 Quos
1139 254 1268 287 morbos
1293 254 1448 294 implicat.

197 315 253 347 9a.
282 312 441 346 Solemnis
467 313 605 346 basilica
898 314 956 348 9b.
980 315 1011 346 A
1038 314 1130 347 clade
1153 311 1312 353 pestifera

329 361 395 394 Per
419 361 505 394 hanc
531 365 714 403 veneratur,
1028 361 1201 396 Morbidus
1228 362 1367 401 curatur,

281 408 367 441 Nam
390 410 493 450 pestis
519 410 651 443 levitica
980 410 1110 443 Virtute
1137 408 1253 442 deifica

329 457 460 490 1bidem
483 457 625 501 fugatur.
1027 460 1165 493 Pressus
1192 458 1385 490 consolatur.

274 518 411 555 Append.
437 529 491 548 ms.
519 529 596 549 saec.
625 518 701 549 lfilm.
728 524 803 558 post.
825 521 909 550 Miss.
931 521 1105 549 Turonense
1131 521 1202 556 imp.
1225 517 1300 548 1533
1321 517 1442 555 (Semin.
1463 518 1535 545 min.

191 558 383 594 *turonensi
409 558 445 586 A.
472 576 509 579 —
533 559 618 588 Miss-
646 559 824 588 Pietavense
849 560 920 595 imp.
942 559 1070 587 Parisiis
1097 556 1171 587 1541
1192 559 1226 586 B.
1246 573 1284 577 -—
1307 556 1365 592 lb,
1395 554 1411 584 1
1437 556 1534 584 clerus

197 599 299 625 autem
319 596 383 633 ejus
404 597 460 625 Hs.
482 613 521 617 —-
540 596 599 632 4a,
630 596 644 625 1
663 598 802 626 deificata
819 598 854 627 B.
875 614 912 618 —-
933 597 992 632 5a,
1021 596 1037 626 1
1059 600 1151 633 stirpe
1170 597 1295 625 Bausaii
1314 597 1347 625 B.
1369 609 1407 615 -—-
1429 593 1487 630 51),
1517 592 1535 622 2

197 635 276 663 cella
294 635 330 663 A.
347 650 382 655 —-
399 634 450 671 63,
476 635 491 665 1
513 636 632 665 Dulcia.
646 651 685 655 -—
699 635 753 665 8b.
778 638 790 665 1
815 636 857 665 Et
876 639 975 665 servet
987 637 1023 665 A.
1037 654 1075 658 -—
1092 636 1143 671 9a,
1167 634 1182 664 1
1198 635 1338 664 solandis
1359 634 1487 663 basilica
1500 633 1534 661 B.

587 710 654 742 359.
696 711 739 743 De
760 720 801 743 ss.
824 710 918 743 Nereo
944 712 976 743 et
995 711 1148 744 Achilleo.

200 773 260 808 la.
290 771 496 804 Celebremus
522 773 690 805 victoriam
902 774 958 806 ib.
981 774 1027 806 Hi
1051 773 1239 806 Domitillae
1265 772 1398 814 virginis

334 820 435 853 Nerei
462 823 495 853 et
519 820 673 862 Achillei,
1034 821 1276 855 conservabant
1301 820 1492 860 cubiculum,

286 868 371 908 Quos
397 869 440 902 ad
465 878 639 910 perennem
668 870 804 911 gloriam
985 871 1133 904 Cultores
1158 870 1229 902 veri
1253 869 1392 902 numinis

333 917 490 951 Provexit
514 918 614 950 ardor
635 916 723 951 fidei.
1029 919 1075 951 Et
1097 918 1249 959 puritatis
1273 917 1449 958 speculum.

196 977 259 1010 2a.
287 975 395 1007 Tincti
421 974 512 1008 fonte
540 975 744 1015 baptismatis
901 976 959 1010 2b.
979 976 1105 1009 Horum
1130 975 1254 1007 salubri
1278 975 1402 1007 monitu

338 1023 401 1055 Per
425 1024 519 1056 Petri
542 1023 768 1065 ministerium,
1033 1026 1161 1066 Rugam
1186 1032 1302 1056 cavens
1328 1026 1362 1055 et
1375 1022 1535 1055 maculam

288 1071 422 1103 Puellae
447 1081 562 1104 sacrae
588 1072 746 1114 dogmatis
988 1073 1070 1105 Toto
1096 1070 1219 1105 refutat
1246 1071 1368 1112 spiritu

336 1120 534 1160 Impendunt
558 1121 788 1161 magisterium.
1034 1119 1186 1153 Mortalis
1212 1120 1324 1160 sponsi
1350 1119 1508 1161 copulam.

198 1179 224 1212 23
233 1188 263 1214 a.
292 1177 466 1210 Clementis
491 1177 592 1210 sacris
618 1178 768 1210 manibus
903 1178 961 1214 3b.
984 1179 1180 1211 Aurelianus
1203 1177 1303 1218 igitur

336 1226 438 1259 Tecta
463 1235 555 1259 sacro
578 1226 748 1267 velamine,
1034 1225 1236 1259 Domitillam
1261 1224 1478 1266 prosequitur,

288 1274 379 1306 Totis
405 1272 523 1315 flagrat
547 1274 726 1308 visceribus
988 1275 1107 1307 Punire
1129 1274 1196 1314 jam
1225 1273 1395 1314 deliberat,

336 1323 460 1355 Audito
487 1322 609 1357 Christi
633 1323 772 1356 nomine.
1035 1323 1136 1363 Quam
1161 1322 1252 1362 prius
1278 1322 1542 1362 desponsaverat.

198 1383 261 1417 4a.
290 1381 470 1414 Succensus
494 1381 565 1413 irae
587 1380 727 1412 stimulis
903 1381 963 1415 4b.
986 1381 1039 1414 Ibi
1064 1379 1196 1414 Priscus
1222 1382 1255 1411 et
1278 1379 1408 1418 Furius,

337 1429 391 1461 Ad
415 1429 608 1462 Pontianam
633 1429 771 1461 insulam
1036 1428 1175 1462 Simonis
1201 1428 1286 1469 magi
1312 1426 1495 1468 complices?

289 1477 367 1510 Cum
395 1477 519 1510 duobus
543 1478 726 1510 vernaculis
986 1476 1191 1510 Avertebant
1214 1476 1367 1508 attentius

336 1526 460 1559 Christi
484 1526 609 1567 relegat
634 1524 800 1560 famulum.
1035 1528 1066 1559 A
1090 1534 1170 1558 sana
1194 1523 1260 1557 fide
1285 1524 1459 1565 simplices.

205 1587 261 1619 52.
288 1582 510 1625 Refragantur
533 1584 705 1617 mendacio
905 1585 965 1619 5b.
987 1585 1174 1625 Torquetur
1197 1583 1233 1615 in
1259 1583 1394 1624 equuleo

337 1631 464 1664 Nereus
491 1635 524 1664 et
547 1632 726 1676 Achilleus,
1037 1633 1162 1665 Nereus
1190 1640 1262 1663 cum
1286 1631 1447 1669 Achilleo,

290 1680 447 1712 Veritatis
472 1681 645 1721 praeconio
990 1681 1060 1714 Nec
1086 1682 1257 1721 extorquet
1282 1678 1485 1712 Christicolis

338 1728 450 1761 Sermo
477 1729 563 1762 cedit
590 1737 753 1764 erroneus.
1037 1729 1162 1769 Lictor,
1188 1730 1224 1760 ut
1248 1727 1345 1760 litent
1368 1726 1477 1761 idolis.

198 1784 225 1817 -6
234 1792 262 1816 a.
292 1781 386 1815 Caesi
410 1780 549 1815 flammis
575 1784 651 1814 sunt
674 1783 789 1816 traditi
907 1782 966 1817 6b.
986 1784 1112 1817 Horum
1135 1782 1286 1822 juvemur
1309 1780 1433 1813 meritis

337 1831 565 1872 Praecisisque
591 1831 750 1871 capitibus
1037 1833 1088 1863 Ac
1112 1838 1211 1871 prece
1237 1829 1460 1869 saluberrima,

290 1878 355 1912 Suo
378 1880 559 1921 junguntur
585 1880 694 1921 capiti,
991 1879 1036 1913 Ut
1061 1880 1096 1912 in
1123 1887 1277 1919 compage
1303 1877 1418 1919 capitis

338 1928 431 1968 Quod
453 1931 568 1970 regnat
584 1928 619 1960 in
643 1928 846 1961 coelestibus.
1040 1926 1191 1961 Membra
1218 1927 1318 1959 simus
1344 1927 1396 1960 vel
1421 1925 1546 1959 ultima.

578 1982 610 2016 7.
638 1981 706 2014 Nos
732 1981 902 2014 Domitilla
926 1982 1044 2015 Flavia

686 2030 765 2064 Pari
786 2031 880 2071 juvet
902 2030 1069 2071 instantia,

636 2079 724 2120 Quae
748 2079 827 2112 viris
852 2088 914 2120 par
939 2079 1086 2120 victoria,

685 2129 764 2161 Pari
789 2128 971 2169 congaudet,
994 2128 1110 2170 gloria.

281 2191 403 2220 Prosar.
425 2198 478 2219 ms.
499 2188 730 2219 Marchianense
750 2199 828 2219 saec.
852 2188 896 2218 15.
918 2190 991 2219 Cod.
1013 2191 1162 2218 Duacens.
1186 2186 1251 2217 123.

664 2264 733 2297 360.
766 2266 811 2298 De
831 2266 941 2298 saneto
962 2264 1096 2297 Nicasio.

615 2328 647 2363 1.
674 2328 801 2363 Psallat
825 2330 938 2362 nostra
968 2328 1080 2361 concio

675 2378 821 2412 Coeleati
845 2377 991 2418 tripudio

724 2427 856 2461 Summa.
882 2435 954 2459 cum
978 2426 1115 2468 laetitia,
