1652 2678
775 100 1038 136 —150—

242 199 300 234 6a.
321 200 460 232 Praeses
482 200 540 241 ait,
566 199 655 232 Deos
682 200 771 241 colis,
939 198 998 232 6b.
1023 198 1081 237 Qui
1110 197 1234 230 creavit
1262 197 1396 238 coelum,
1423 200 1544 230 terram

372 247 536 280 hominum
562 248 745 289 simulacra,
1071 248 1104 277 et
1129 243 1280 277 fundavit
1305 245 1419 286 maria,

323 292 395 338 Ego
420 295 526 329 Deum
552 296 659 328 vivum
686 296 766 336 colo,
1019 293 1116 326 Hunc
1141 293 1242 326 adoro
1265 301 1326 325 nec
1350 290 1502 334 formido,

373 344 428 385 qui
454 345 577 377 creavit
600 343 716 376 omnia.
1069 341 1201 382 quaevis
1228 340 1279 373 fer
1304 341 1475 382 supplicia.

240 412 298 445 7a.
324 412 398 444 Hoc
422 411 528 443 relatu
550 419 683 452 praeses
705 413 810 442 motus
936 408 994 443 7b.
1020 408 1155 442 Clausus
1181 418 1257 451 ergo
1283 408 1406 442 Christi
1431 409 1526 441 miles

373 458 470 491 ferali
498 459 660 491 dementia
1066 456 1226 497 premitur
1249 458 1361 490 inedia

323 507 389 540 Sub
415 507 580 539 horrenda
601 505 696 546 jubet
721 505 830 538 claudi
1018 505 1064 537 Et
1089 504 1240 537 addictus
1263 505 1377 546 poenis
1404 505 1485 538 diris

372 554 512 587 carceris
538 553 697 594 angustia.
1067 552 1147 584 vicit
1170 553 1339 594 patientia.

239 624 298 656 Sa.
327 622 381 655 Sic
405 624 543 661 tyranno
569 623 720 661 superato
934 620 994 655 eb.
1020 621 1046 654 O
1073 620 1209 662 Calixte,
1237 629 1299 661 quo
1327 621 1460 654 concive

368 670 510 710 palmam
536 669 576 701 de
601 668 739 701 victoria
1067 668 1188 710 gaudet
1213 669 1295 702 coeli
1326 670 1427 713 curia„

320 716 427 752 Infert
452 718 551 759 coelo,
580 717 795 758 congaudenti
1018 717 1066 750 Te
1089 726 1273 759 precamur,
1299 717 1393 751 nobis
1419 718 1508 751 adsis

368 766 509 807 gaudeat
534 766 682 798 ecclesia.
1068 766 1211 799 reddens
1236 766 1345 807 prima
1369 767 1496 807 gaudia.

310 864 394 892 Miss.
421 872 475 891 ms.
495 863 725 891 Mai-chianenee
754 871 831 891 saec.
862 860 896 890 16
921 863 963 890 in.
986 862 1057 891 Cod.
1081 863 1231 892 Duaeens.
1259 860 1306 891 89.
1326 863 1363 890 A.
1388 879 1426 883 -—
1452 864 1570 893 Prosar.

231 912 285 932 ms.
306 900 534 931 Marchianense
560 910 636 930 saec.
665 900 709 929 15.
732 902 804 930 Cocl.
824 901 974 930 Duacens.
1003 899 1068 930 123.
1089 902 1122 930 B.
1149 916 1188 922 -—
1215 902 1299 930 Miss.
1321 910 1374 930 ms.
1396 903 1569 932 Cisonieuse

232 950 308 971 saec.
332 939 377 970 16.
399 940 470 969 Cod.
491 942 639 970 Insulens.
660 938 706 969 37.
729 942 762 969 O.

672 1091 733 1124 197.
774 1093 818 1124 De
839 1093 949 1125 sancto
971 1091 1135 1125 carlilefo.

233 1175 290 1209 la.
318 1173 414 1207 Clare
439 1174 576 1206 rutilans
932 1174 990 1207 lb.
1014 1174 1171 1215 Phtongis
1196 1175 1331 1216 paribus

318 1218 511 1262 symphonia
1013 1221 1187 1256 metricata

318 1268 405 1303 dulci
430 1273 561 1303 resonet
585 1267 729 1303 melodia
1012 1271 1157 1311 phalanx
1182 1271 1297 1305 reboet
1319 1281 1358 1304 ac
1380 1272 1511 1306 librata.

231 1339 289 1372 Za.
317 1337 428 1371 Sancti
452 1339 561 1378 patria
927 1339 988 1374 ab.
1011 1339 1141 1371 Pandat
1164 1340 1325 1380 plectrica

315 1386 412 1427 <ligne
442 1389 533 1426 gesta
1011 1396 1092 1420 voce
1117 1396 1242 1421 summa

315 1434 390 1467 anni
415 1434 522 1468 orbita
546 1435 695 1468 revoluta
1011 1436 1114 1469 omnis
1142 1437 1253 1470 concio
1280 1439 1378 1477 atque
1402 1440 1505 1471 tanta.

231 1503 288 1538 3a.
316 1502 486 1535 Succincto
512 1503 670 1544 perplexa
928 1503 989 1538 3b.
1013 1504 1201 1544 Cunctaque
1226 1513 1287 1546 per
1311 1505 1381 1537 loca

315 1551 431 1584 ordine
460 1551 628 1584 harmonia
1014 1552 1203 1593 Quantitate
1233 1553 1377 1586 discreta

313 1599 495 1633 terminatis
519 1599 666 1642 magadis
1013 1601 1179 1642 castigatis
1204 1602 1350 1635 nervulis

316 1648 454 1681 resultet
478 1657 596 1682 sonora
1011 1650 1136 1682 musica
1161 1651 1293 1692 psallat.

231 1718 290 1751 4a.
320 1716 467 1757 Quinque
493 1717 653 1749 conlectet
927 1718 989 1753 412.
1013 1718 1135 1758 Quibus
1161 1723 1312 1752 tonorum

314 1765 442 1806 species
466 1766 574 1806 prima
1012 1766 1112 1800 efficit
1138 1776 1265 1801 summa

315 1813 457 1846 cordulis
487 1817 581 1847 tensa
1013 1819 1046 1848 et
1073 1816 1227 1857 diapente

313 1861 364 1895 bis
390 1862 497 1903 spatia
522 1863 611 1905 bina⁷
1013 1865 1070 1898 dat
1094 1867 1241 1906 regulam
1266 1869 1405 1900 rectam.

230 1929 289 1964 5a.
316 1929 407 1962 Inter
431 1930 513 1963 haec
928 1932 987 1967 5b.
1010 1933 1186 1974 Impar-que

314 1980 408 2010 terna
431 1981 580 2012 tonorum
607 1979 714 2019 spatia
1010 1981 1314 2024 proportionalitas,

313 2025 391 2059 bina
416 2027 558 2060 occurrit
1011 2030 1122 2070 sieque
1147 2031 1324 2063 succrescit

313 2074 476 2108 semitonii
497 2075 713 2115 inaequalitas
1012 2078 1250 2112 constitutionis
1278 2079 1421 2120 duplica.

229 2143 287 2175 6a.
314 2143 394 2176 Post
418 2152 514 2183 quam
540 2143 794 2176 diatessaronica
928 2145 989 2180 6b.
1012 2145 1140 2178 Binarii
1165 2149 1242 2180 tono
1263 2148 1391 2189 gemino

314 2191 484 2231 proportio
510 2195 560 2224 est
585 2191 690 2223 altera
1012 2194 1183 2229 semitonio
1208 2198 1307 2238 atque
1331 2201 1419 2233 acta.

229 2258 288 2291 72..
314 2257 419 2291 'sonis
443 2258 583 2299 yemim‘s
927 2261 987 2296 Ἡ).
1011 2262 1178 2295 octonarii

316 2306 486 2347 geminatis
1013 2310 1187 2351 singularis

317 2357 383 2387 stat
407 2355 599 2396 symphonia
1013 2357 1216 2398 perfectione

318 2402 536 2444 diapasoniea‚
1012 2407 1121 2439 nervis
1144 2408 1305 2448 exposita.
