1652 2678
669 104 935 139 -270—

145 207 229 240 1021..
252 206 354 247 Ergo,
380 208 480 238 testes
504 205 574 238 Deo
601 204 679 242 cari,
846 200 931 234 iob.
955 199 1153 232 Conservate
1178 206 1307 238 gregem
1331 198 1428 231 istum

254 255 347 289 Celse
373 261 455 294 puer
481 256 513 284 et
537 251 669 289 Nazari‚
953 247 1137 281 Exorantes
1161 245 1271 279 Jesum
1298 246 1460 280 Christum

301 303 405 335 Preco
433 301 513 333 coeli
538 299 656 339 curiae,
1005 296 1070 328 Pro
1092 296 1275 328 nostrorum
1300 295 1421 336 requie,

223 369 307 396 Misfl.
322 376 376 395 ms.
390 368 560 396 Biterrense
573 373 650 393 saec.
667 363 713 394 14.
728 363 797 392 Ood.
811 363 841 393 S.
852 362 980 399 Josephi
992 361 1185 398 Lugdunens.
1199 361 1252 390 Yd
1266 360 1293 390 5.
1308 378 1347 382 —
1359 358 1402 391 31>
1418 359 1434 389 1
1449 362 1485 390 de

144 407 237 434 nobai
257 406 312 435 Hs.
335 417 375 428 =
392 405 552 434 Denobai?

432 507 501 538 357.
541 505 577 538 In
597 505 818 538 Translatione
838 513 879 536 ss.
901 503 1032 537 Nazarii
1055 505 1087 536 et
1110 503 1199 536 Celsi.

148 580 206 613 la.
233 579 307 611 Hac
330 587 424 611 sacra
446 578 652 611 solemnitate
849 575 911 611 lb.
935 575 1120 616 Martyrum
1146 580 1328 609 nostrorum
1351 577 1418 610 late

231 625 357 659 Verum
382 627 489 659 Deum
515 625 709 665 collaudate,
934 623 1114 657 Victoriam
1137 624 1335 666 praedicate,

283 674 401 707 Omnes
427 675 496 714 ejus
520 674 651 715 famulig
983 672 1158 706 Christiani
1187 674 1308 714 populi.

148 734 207 767 2a.
235 734 304 767 Hos
331 732 513 773 quicunque
537 736 721 773 veneratur,
850 731 911 766 2b.
932 732 996 764 Per
1020 731 1079 763 hos
1103 729 1184 763 fides
1211 731 1367 765 dilatatur

234 783 266 814 A
290 780 361 813 Deo
387 783 623 822 remuneratur,
936 779 1062 820 Suoque
1089 780 1175 812 cultu
1199 780 1347 821 privatur

236 829 297 870 Qui
321 829 356 861 in
381 829 502 862 sanctis
527 828 685 871 gloriatur
935 828 1081 860 Daemon
1106 830 1138 859 et
1162 829 1397 862 verecundatur

285 877 350 910 Pro
375 887 411 910 se
434 877 659 911 morientibus.
983 876 1016 909 Is
1042 877 1144 909 victus
1168 876 1357 912 infantibus

153 937 211 970 3a.
239 935 324 968 Nam
349 945 411 968 nee
434 936 542 968 minae
565 944 627 967 nec
650 938 793 968 terrores
854 934 914 968 31).
938 933 1009 967 Nec
1032 934 1116 966 ictus
1140 942 1245 974 neque
1270 934 1397 967 dolores

236 983 334 1017 Fidei
358 984 602 1024 praedicatores
936 982 1043 1022 Hujus
1068 983 1154 1015 vitae
1177 991 1237 1014 nec
1261 991 1432 1022 sponsores

237 1032 397 1065 vicerunt
419 1041 524 1073 neque
547 1034 671 1065 totores
935 1030 1008 1064 Nec
1030 1039 1118 1063 mors
1145 1031 1222 1063 data
1244 1039 1304 1070 per
1328 1031 1459 1063 lictores

285 1079 357 1112 Nec
381 1079 473 1114 furor
497 1081 693 1121 tyrannidis.
986 1078 1144 1112 Annolini
1167 1079 1339 1119 praesidis,

154 1141 213 1171 4a.
240 1138 297 1172 Ad
321 1140 388 1170 tres
413 1138 526 1172 Moros
553 1138 705 1171 decollati
855 1138 911 1171 4b.
934 1137 1000 1171 Ubi
1024 1138 1114 1170 trina
1138 1136 1208 1169 Deo
1233 1137 1318 1177 grati

245 1187 366 1220 Christi
387 1187 507 1220 milites
532 1187 664 1228 probati
939 1186 1084 1218 Aureola
1109 1185 1255 1218 coronati

290 1236 329 1269 In
354 1235 451 1268 coelis
476 1235 667 1276 tripudiant,
990 1234 1089 1266 Velut
1112 1234 1228 1266 stellae
1252 1233 1392 1266 radiant.

159 1294 219 1326 5a.
245 1293 309 1325 Pro
334 1293 427 1325 nobis
452 1292 654 1333 patrocinari
857 1293 917 1326 5b.
942 1292 1022 1326 Cum
1047 1293 1153 1333 Celso,
1179 1292 1234 1332 pie
1258 1291 1391 1334 Nazari,

241 1341 394 1381 Digneris
421 1344 453 1372 et
479 1341 657 1382 deprecari,
940 1341 987 1374 Et
1011 1350 1031 1372 a
1055 1340 1126 1373 Deo
1152 1349 1211 1373 nos
1233 1340 1342 1381 juvari

241 1388 302 1430 Qui
325 1392 359 1421 te
383 1388 463 1422 fecit
487 1397 586 1430 super
610 1391 693 1422 mari
940 1389 1009 1422 Fac
1036 1392 1068 1421 et
1094 1398 1221 1422 sursum
1248 1389 1401 1422 collocari

290 1437 392 1470 Siccis
416 1437 467 1470 ire
490 1437 640 1478 pedibus,
990 1437 1071 1470 Cum
1096 1437 1218 1470 sanctis
1242 1437 1425 1477 spiritibus.

236 1505 321 1532 Miss.
347 1513 400 1532 ms.
430 1503 595 1532 Biferrenst
629 1513 707 1532 saec.
736 1502 780 1532 14.
809 1504 879 1533 Ood.
903 1504 933 1533 S.
955 1503 1081 1541 Josephi
1102 1503 1294 1540 Lugdunens.
1315 1505 1342 1533 Y
1368 1504 1388 1532 d
1414 1503 1441 1532 5.
1462 1519 1500 1523 —

156 1540 214 1577 212,
235 1541 256 1571 4
274 1542 334 1571 His
354 1544 453 1571 vietus
473 1543 635 1580 korrigiert
653 1545 686 1571 in
708 1542 739 1571 Is
754 1544 852 1572 victus
873 1544 929 1572 Hs.

584 1646 652 1679 358.
698 1647 740 1678 De
761 1647 874 1679 sancta
894 1646 1076 1680 Neomadia.

162 1729 179 1762 1
192 1738 222 1762 a.
249 1729 392 1762 Plaudat
417 1728 533 1761 chorus
560 1729 698 1762 coelicus
864 1729 922 1762 lb.
945 1730 992 1763 Et
1014 1730 1120 1763 clerus
1146 1729 1362 1763 authenticus,

244 1778 284 1810 In
309 1775 393 1810 festo
418 1776 630 1818 Neomadiae,
949 1778 1028 1812 Cum
1052 1787 1130 1811 sono
1155 1777 1311 1812 laetitiae.

161 1836 220 1870 22.
243 1837 336 1869 Haec
361 1839 412 1868 est
434 1833 495 1868 flos
519 1836 711 1878 munditiae,
863 1837 925 1871 ab.
947 1838 1013 1871 Per
1037 1837 1122 1870 hanc
1146 1837 1278 1869 morbus
1303 1836 1401 1870 hodie

247 1883 351 1917 Sonus
376 1884 586 1925 apostolicus,
948 1885 1049 1927 Fugit.
1074 1885 1275 1927 epilenticus

163 1942 220 1974 3a.
248 1943 288 1975 In
313 1951 390 1983 agro
415 1941 581 1975 Pictavico
865 1944 925 1979 3b.
949 1943 995 1977 Et
1017 1944 1112 1984 jussu
1138 1943 1298 1976 dominico

247 1990 326 2022 Fuit.
349 1990 431 2022 haec
453 1991 603 2030 plantata
951 1992 1004 2026 lbi
1027 1993 1186 2025 radicata.

166 2048 224 2080 4a.
249 2047 363 2080 Mente
389 2047 561 2088 desiccata,
865 2050 925 2084 4b.
950 2050 1026 2083 Sole
1051 2049 1180 2084 radiata

249 2094 301 2127 Ne
324 2093 405 2127 fluat
427 2094 462 2127 in
486 2095 629 2136 Jerioho,
950 2098 1134 2140 splendore
1158 2096 1307 2133 mirifico.

166 2153 223 2187 5a.
250 2152 301 2184 De
326 2152 430 2193 stirpe
454 2152 586 2185 Bonfaii
868 2156 929 2191 5b.
950 2155 1101 2190 Thronus
1127 2160 1176 2189 est
1204 2157 1334 2197 imperii

252 2198 396 2233 Refulsit
416 2201 500 2232 haec
523 2200 630 2242 stella,
949 2205 997 2238 Et
1021 2205 1166 2238 sedentis
1192 2205 1284 2240 sella.

165 2259 227 2292 Sa.
251 2257 388 2290 Dulcior
414 2267 510 2299 quam
533 2258 642 2298 mella,
869 2263 930 2298 ssb.
952 2261 1134 2305 Refuigens
1158 2264 1270 2304 puella

251 2304 339 2338 Alba
362 2309 400 2338 ut
424 2304 483 2338 flos
500 2306 574 2348 lilii,
953 2312 1053 2344 Lenis
1078 2315 1116 2344 ut
1139 2320 1194 2343 ros
1217 2311 1311 2345 Maii.

167 2364 225 2397 7a.
252 2364 317 2396 Per
340 2363 427 2396 hanc
449 2364 539 2397 Deus
566 2364 676 2397 visitat
870 2369 930 2403 7b.
953 2369 1000 2403 Et
1026 2378 1081 2401 eos
1107 2368 1262 2402 sollicitat

302 2412 432 2445 Caduce
455 2412 615 2453 labentes,
1003 2417 1050 2449 Et
1073 2415 1155 2449 facit
1177 2416 1335 2450 levantes.
