1652 2678
745 119 1013 157 —327—

213 214 272 249 Za.
299 214 355 247 Ad
381 215 559 249 ‘Vedastum
585 218 786 260 properavit,
917 219 977 253 2b.
998 220 1146 253 Idolatra
1170 227 1229 251 rex
1255 221 1387 252 renatus

297 263 400 304 Quem
424 264 587 298 Vedastus
612 268 803 307 perornavit
997 268 1061 301 Est
1086 268 1221 300 devotus
1247 266 1376 300 Christo
1404 268 1499 301 datus

346 311 444 345 Fidei
473 322 544 346 cum
571 315 743 349 chlamide.
1049 315 1210 357 Propulsa
1235 316 1417 355 tyrannide.

213 389 270 422 3a.
297 389 358 422 Isti
383 398 461 431 rege
487 392 661 425 comitante
916 393 976 427 3b.
1001 392 1121 425 Sancte
1144 391 1216 434 Dei,
1245 390 1357 424 confer
1381 393 1500 434 lumen,

298 437 422 471 Caecus
447 448 527 471 voce
552 443 747 480 pertonante
1000 441 1082 482 Quia
1106 443 1221 481 potens
1249 448 1283 472 es
1308 449 1443 473 acumen

346 486 519 520 Acclamat
543 488 679 522 itinere:
1049 489 1144 521 Visus
1170 488 1343 521 restituere

212 563 271 595 4a.
298 563 435 596 Praesul
462 567 545 604 orat,
573 566 659 606 quod
685 565 801 604 oravit,
917 565 977 599 4b.
1002 566 1124 599 Caecus
1149 574 1224 597 mox
1247 565 1458 607 illuminatur,

295 610 344 644 Ut
369 611 510 645 abdatur
534 613 723 653 impetravit
999 614 1081 655 Rex,
1107 613 1200 654 plebs
1225 612 1292 646 fide
1316 614 1476 647 solidatur

346 659 501 693 Cordium
529 661 671 702 duritia,
1048 662 1113 694 Per
1139 661 1223 702 signi
1245 662 1411 703 mysteria.

213 736 271 770 5a.
298 736 446 769 Antistes
471 737 700 770 Atrebatensis
915 738 975 773 5b.
998 738 1164 780 Reliquias
1189 739 1409 772 Vandalorum

297 783 437 817 Cunctos
463 786 564 826 signis
592 795 663 818 cum
688 786 854 820 immensis
1001 786 1192 820 Sordidatos
1217 786 1377 819 idolorum

345 833 410 866 Per
437 842 572 874 regnum
597 834 771 868 Picardiae
1047 834 1162 868 Junxit
1186 834 1307 868 Christi
1332 835 1458 869 latriae.

210 909 266 943 6a.
294 909 360 942 Hic
385 910 419 943 in
444 914 543 951 porta
568 911 708 945 civitatis
915 911 974 946 6b.
998 912 1136 952 Templa
1159 911 1230 944 Deo
1256 913 1462 952 restauravit,

297 957 411 1000 Caeco,
441 959 557 992 claudo
584 961 732 992 sanitatis
998 959 1141 993 Verbum
1166 959 1228 991 Dei
1254 960 1459 1000 praedicavit

345 1006 491 1039 Contulit
514 1008 671 1052 subsidia,
1045 1008 1145 1041 Pulsa
1168 1007 1330 1041 idolatria.

209 1083 228 1116 7
236 1092 265 1115 a.
293 1083 387 1116 Urna
412 1085 495 1116 meri
518 1086 671 1118 venenati
909 1086 928 1119 7
936 1084 969 1120 b.
997 1086 1096 1118 Petra
1120 1084 1237 1117 bibunt
1260 1088 1297 1117 ut
1320 1085 1474 1126 Hebraei,

291 1132 323 1163 A
348 1131 501 1165 nefandis
526 1133 621 1166 aulae
647 1134 716 1167 dati
994 1133 1098 1166 Prece
1123 1133 1171 1165 sic
1197 1133 1282 1166 dona
1304 1133 1408 1174 Lyaei

292 1179 358 1212 Per
382 1180 537 1213 intrantis
563 1182 689 1215 civitati
996 1181 1076 1214 Vasi
1103 1181 1189 1214 sicco
1208 1184 1338 1214 sanctus
1363 1182 1427 1214 Dei

340 1228 449 1261 Patris
476 1238 572 1262 cruce
598 1230 734 1271 crepuit.
1047 1230 1110 1263 Suo
1138 1238 1213 1263 caro
1238 1229 1362 1262 tribuit.

209 1305 267 1339 8a,
295 1305 363 1346 Quo
388 1314 449 1346 per
473 1306 599 1348 virgam
624 1307 706 1339 lucis
731 1315 841 1340 merae
912 1306 971 1340 8b.
993 1307 1019 1340 Ο
1046 1308 1201 1347 Vedaste,
1227 1307 1358 1346 praesul
1383 1307 1466 1339 bone

292 1353 346 1387 Ab
372 1354 435 1386 hac
460 1354 529 1387 vita
553 1357 587 1387 te
612 1355 708 1398 ciere,
995 1354 1064 1387 Nos
1090 1357 1256 1388 consortes
1281 1355 1315 1386 in
1341 1364 1442 1396 agone

292 1401 390 1434 Nosti
414 1411 500 1434 nunc
524 1406 657 1436 aeterno
683 1411 760 1436 vere
994 1404 1108 1445 Prece,
1134 1404 1248 1443 pastor
1274 1406 1305 1434 et
1330 1407 1480 1445 patrone,

290 1450 418 1483 Fruens
445 1450 575 1484 Christo
601 1452 777 1484 cohaerere
994 1451 1048 1484 Da
1071 1460 1130 1484 nos
1157 1451 1239 1483 coeli
1263 1452 1404 1484 statione

340 1498 495 1532 Gaudens
523 1500 605 1532 coeli
633 1500 732 1534 curia.
1040 1501 1120 1534 Frui
1147 1507 1218 1531 cum
1243 1499 1378 1533 laetitia.

281 1586 367 1614 Miss.
388 1586 443 1614 ms*-
465 1585 680 1615 Cameracense
702 1595 780 1615 saec.
803 1584 850 1615 14.
871 1585 944 1615 Cod.
966 1586 1172 1615 Cameracens.
1196 1583 1251 1614 123
1276 1585 1342 1613 add.
1364 1594 1441 1615 saec.
1464 1584 1511 1614 15.

633 1738 705 1771 433.
747 1737 793 1770 De
814 1739 924 1771 sancto
946 1738 1126 1770 Vincentio,

204 1818 262 1853 la.
289 1818 468 1852 Festivitas
907 1820 966 1855 11).
987 1820 1085 1853 Hunc
1109 1819 1234 1853 aeterni

337 1867 442 1900 incliti
466 1868 580 1901 militis
1039 1868 1133 1901 radio
1159 1867 1299 1900 numinis

286 1915 450 1949 Vincentii
991 1916 1046 1950 sio
1073 1916 1230 1950 instruxit

335 1965 500 2006 praeclari
525 1965 661 2007 meritis,
1039 1966 1089 1998 sol
1113 1965 1183 1998 veri
1208 1964 1339 1997 luminis

385 2013 578 2047 Celebratur
601 2014 711 2056 hodie,
1086 2014 1177 2047 Luce
1202 2013 1390 2054 sapientiae,

381 2062 462 2096 Dies
490 2066 539 2096 est
562 2063 719 2097 laetitiae.
1089 2062 1181 2103 Quod
1196 2061 1235 2094 fit
1247 2063 1403 2103 templum
1414 2062 1547 2104 gratiae.

198 2141 256 2175 2a.
283 2140 383 2173 Velut
408 2141 499 2182 gigas
906 2141 966 2176 21),
988 2140 1075 2174 Nam
1096 2139 1251 2181 martyris

332 2198 467 2231 surgens
492 2190 714 2231 progreditur,
1040 2190 1121 2222 cutis
1147 2188 1328 2230 abraditur,

281 2238 461 2273 Datianum
987 2236 1177 2272 Pectinibus

330 2287 439 2320 verbis
465 2287 666 2329 aggreditur,
1036 2295 1153 2328 corpus
1179 2286 1385 2328 discerpitur,

279 2336 347 2371 Sed
371 2339 531 2377 tyrannus
990 2335 1194 2370 Carbonibus

329 2394 347 2418 e
374 2388 488 2420 contra
516 2385 666 2427 graditur
1036 2384 1163 2418 urenda
1184 2383 1327 2417 traditur

378 2434 480 2469 Gravi
506 2434 569 2467 via.
1089 2435 1171 2469 Caro
1196 2433 1262 2474 pia.
