1652 2678
828 91 1069 127 ,92-

303 191 365 223 63.
393 187 484 224 Arca
507 192 636 224 salvans
661 192 742 224 haec
763 194 894 223 terre-na
1007 190 1067 223 6b.
1089 186 1209 223 Mentis
1234 189 1403 229 visumque
1428 191 1570 222 verbena

389 239 450 271 Pia
474 240 587 272 mortis
613 248 711 280 prece
736 247 840 280 poena
1090 237 1208 269 Redde
1234 237 1367 280 clarum,
1393 245 1436 269 ne
1462 237 1580 270 Sirena

436 287 518 320 Esto
541 296 627 319 nunc
651 288 805 328 propitia,
1136 284 1200 317 Sua
1225 294 1285 317 nos
1310 285 1437 318 malitia

303 345 361 377 7a.
388 341 594 385 Interceptos
618 345 653 376 in
678 353 797 386 sagena
1006 342 1067 375 7b.
1089 342 1189 376 Solve
1215 343 1332 383 culpae
1353 351 1413 375 uos
1438 342 1569 375 habena

389 391 502 425 Subito
528 394 621 433 gravi
649 396 763 424 catena
1090 391 1225 431 Tuaque
1250 392 1382 434 virtute,
1409 399 1514 432 meua,

435 440 560 472 Trahat
581 440 624 472 ad
650 440 822 480 supplicia.
1138 438 1230 480 Fuge
1254 448 1342 472 nunc
1372 440 1552 472 daemonia.

300 498 361 531 83.
387 495 431 531 Et
454 498 601 538 J'umenta
625 506 684 528 nos
711 506 812 538 egena
1003 496 1065 530 8b.
1086 493 1179 531 Raro
1205 500 1295 529 terra
1322 497 1377 530 dat
1404 497 1532 530 tricena

384 545 475 577 Bene
498 554 636 585 pascens
663 553 734 576 cum
760 553 896 577 amoena
1093 544 1150 576 Vel
1176 548 1342 577 crementa
1366 554 1530 586 sexagena

433 592 567 625 Gratiae
590 593 644 625 fac
668 593 813 634 pinguia.
1135 593 1287 635 Fructus,
1311 594 1371 626 sed.
1395 594 1524 635 egregia

300 650 358 683 9a.
385 647 457 683 Iam
480 650 639 691 pertingis
665 651 708 682 ad
734 651 878 691 millena,
1003 650 1062 685 9b.
1090 648 1264 693 Christum,
1292 653 1347 692 qui
1370 652 1503 684 coelesti
1528 661 1627 685 coena

382 697 469 729 Dum
495 707 671 739 exsuperas
698 702 834 732 centena
1085 699 1206 732 Reficit
1228 709 1288 733 nos
1314 701 1400 743 agni,
1428 699 1523 733 foena

435 746 525 780 Coeli
552 745 659 779 ferens
684 748 797 788 pluvia
1135 748 1298 782 Paulatim
1322 749 1461 784 arentia.

273 803 355 836 103.
385 799 410 837 Ο
439 803 529 845 virgo
555 805 684 838 calcans
708 805 789 838 haec
819 813 918 838 caena
979 806 1062 839 10b.
1081 803 1189 840 Recte
1214 807 1294 840 civis
1321 807 1504 840 Nazarena.

384 851 435 883 De
460 861 558 885 manu
584 853 672 886 velut
697 862 832 886 murena
1086 855 1138 887 Ne
1163 864 1223 888 rex
1248 855 1346 888 turba
1373 864 1444 888 cum
1470 855 1601 888 bissena

431 900 554 941 Utique
578 902 733 942 labentia,
1134 903 1276 936 Damnet
1301 905 1336 936 in
1363 904 1539 944 xindemia,

273 957 355 990 113.
382 955 436 992 Ι)3
460 967 593 991 servare
617 959 681 992 Dei
707 960 792 992 dena
978 960 1063 996 111).
1088 959 1231 1002 Insuper
1254 971 1313 994 nos
1337 962 1379 994 ab
1405 971 1504 995 arena

382 1006 451 1038 Nos
477 1011 655 1048 praecepta
678 1017 739 1048 per
764 1011 900 1049 septena
1081 1009 1200 1042 Mundi
1225 1009 1379 1051 transfer,
1404 1010 1463 1044 ubi
1489 1014 1583 1043 trena

430 1054 572 1095 Spiritus
599 1056 745 1088 donaria.
1133 1058 1308 1099 Nunquam
1335 1062 1394 1099 est,
1422 1060 1482 1092 sed
1507 1060 1611 1101 gloria

680 1116 736 1148 12.
763 1111 809 1149 Et
832 1117 940 1148 suavis
966 1117 1129 1150 cantilena

763 1163 939 1196 Beatorum
964 1172 1025 1205 per
1050 1174 1184 1197 amoena

809 1212 954 1245 Resonet
977 1213 1011 1245 in
1035 1214 1153 1254 patria.

349 1286 408 1313 Mis
427 1308 434 1313 .
461 1294 499 1313 m.-
537 1286 759 1322 Rotomagtnse
786 1295 863 1315 -aecn
887 1286 931 1316 15.
959 1288 1030 1317 Cod.
1051 1289 1262 1325 Rotomagens.
1283 1287 1350 1318 ²285.
1379 1304 1418 1309 —
1446 1289 1517 1318 cod.
1538 1291 1622 1319 Pari-

266 1324 359 1352 siens.
371 1321 447 1352 3639
462 1332 540 1352 saec.
552 1322 628 1352 1⁵l16.
642 1326 677 1353 Β.
694 1326 907 1354 ausdriicklich
922 1327 967 1355 als
981 1327 1077 1355 Prosa
1092 1328 1275 1356 bezeiehuet.
1291 1329 1324 1357 B.
1341 1343 1381 1347 —-
1400 1329 1621 1358 Akrostiehon:

267 1361 359 1390 Salve
380 1364 483 1399 regina
503 1364 716 1391 miterieordie.

716 1469 772 1501 113.
813 1470 856 1502 De
878 1470 977 1502 heata
1000 1470 1104 1502 Maria
1124 1471 1161 1502 V.

272 1539 330 1574 13.
355 1539 466 1581 Virgo,
494 1540 599 1572 sancti
623 1541 758 1582 spiritus
976 1542 1035 1577 1b.
1060 1543 1160 1585 Virgo
1186 1544 1287 1577 vitam
1312 1545 1509 1588 germinans,

353 1587 522 1621 Illustrata
548 1590 681 1622 coelitus
1057 1591 1150 1624 Evae
1173 1593 1296 1625 luctum
1324 1595 1512 1632 terminans,

405 1635 525 1669 Sacrae
547 1638 630 1670 lucis
655 1638 761 1679 radio,
1128 1640 1289 1674 Mundum
1315 1643 1447 1683 replens
1473 1644 1606 1685 gaudio.

267 1695 326 1727 2a.
355 1695 561 1728 Consolatrix
587 1697 719 1737 optima,
974 1697 1033 1731 2b.
1057 1699 1097 1731 In
1121 1698 1236 1732 labore
1260 1701 1400 1743 requies,

353 1742 432 1776 Cum
459 1745 629 1784 peccatrix
660 1745 769 1778 anima
1057 1747 1097 1780 In
1122 1751 1216 1780 aestu
1238 1750 1395 1789 temperis

401 1793 522 1825 Mortis
545 1794 623 1834 jugo
649 1794 819 1835 premitur,
1105 1797 1171 1829 Per
1195 1800 1229 1829 te
1255 1798 1329 1830 (lari
1354 1799 1511 1833 creditur.

266 1851 325 1884 3a.
353 1849 454 1892 Virgo
477 1850 676 1893 beatissima,
973 1853 1034 1887 3b.
1059 1855 1129 1888 Fac
1153 1855 1188 1888 in
1213 1855 1337 1889 Christi
1361 1857 1492 1890 nomine

351 1897 479 1931 Munda
505 1900 614 1932 cordis
639 1901 754 1934 intima
1057 1903 1127 1935 Nos
1153 1905 1277 1945 repleri
1300 1905 1424 1938 lumine

399 1947 476 1979 Tibi
500 1949 764 1991 supplicantium,
1104 1953 1238 1993 Fugans
1264 1962 1358 1986 omne
1383 1955 1526 1987 noxium.

266 2004 327 2037 4a.
352 2003 454 2048 Lava,
482 2007 568 2046 quod
596 2010 644 2039 est
670 2009 850 2049 sordidum,
971 2008 1032 2041 41).
1054 2009 1178 2050 Flecte,
1206 2011 1294 2051 quod
1318 2014 1369 2044 est
1393 2013 1547 2055 rigidum,

349 2052 444 2095 Riga,
472 2055 559 2095 quod
585 2058 633 2087 est
658 2057 799 2097 aridum,
1054 2057 1156 2098 Fove,
1182 2059 1269 2098 quod
1295 2063 1346 2092 est
1369 2059 1538 2103 frigidum,

399 2101 495 2144 Sana,
523 2104 610 2144 quod
637 2108 688 2136 est
713 2105 876 2145 saucium
1105 2106 1206 2148 Rege,
1234 2108 1322 2147 quod
1349 2113 1398 2142 est
1426 2110 1567 2144 devium.

265 2159 323 2192 5a.
349 2158 403 2192 Da
427 2160 521 2193 nobis
546 2160 698 2194 fidelibus
970 2163 1030 2196 5b.
1053 2163 1106 2195 Da
1132 2164 1262 2198 virtutis
1284 2167 1447 2200 meritum.

351 2208 390 2240 In
412 2209 543 2242 Christo
569 2210 778 2242 credentibus
1053 2212 1119 2245 Per
1143 2214 1258 2246 salutis
1285 2216 1408 2249 exitum

399 2257 553 2297 Optatam
578 2258 777 2299 subsidium3
1101 2261 1153 2294 Da
1178 2271 1322 2302 perenne
1351 2266 1517 2306 gaudium.

341 2331 427 2359 Miss.
447 2342 503 2361 ms.
522 2334 696 2362 Parisiense
716 2342 795 2362 saec.
819 2332 863 2362 15.
886 2333 957 2362 Cod.
971 2336 1185 2373 Rotomagens.
1206 2336 1273 2366 279.
1296 2354 1332 2358 —-
1353 2340 1425 2368 Mel.
1446 2343 1615 2372 natfirlich:

264 2368 341 2396 Vena¹
369 2373 471 2399 sancte
498 2373 638 2407 spiritus,
668 2373 735 2401 dem
761 2371 821 2408 23,
851 2371 880 2408 1;
908 2371 967 2407 21),
1001 2373 1015 2402 1
1041 2384 1069 2403 11.
1091 2374 1126 2407 2;
1157 2374 1218 2408 Sa,
1240 2375 1258 2404 2
1279 2379 1372 2406 sowie
1396 2379 1455 2408 Str.
1478 2379 1523 2409 4a
1544 2392 1573 2410 u.
1596 2383 1614 2411 b

263 2406 400 2436 wefflieh
422 2410 557 2438 entlehnt
576 2411 653 2439 sind.
