1652 2678
171 284 229 318 la.

168 440 228 471 2a.

170 593 227 627 3a.

167 748 227 781 4a.

164 902 224 936 5a.

709 96 863 131 —15

597 208 624 240 9.
654 209 690 241 111
711 208 881 240 Dominicis
902 208 1072 241 Adventus.

257 286 480 330 Essurgamus
508 297 579 321 cum
604 290 648 322 sit
674 290 764 331 hora,

255 333 361 366 Lucet
384 336 472 368 enim
494 336 563 375 jam
588 347 707 371 aurora

304 382 384 414 Veri
410 385 487 417 solis
512 387 658 428 praevia,

256 439 453 474 Excitentur
479 442 677 477 dormientes

253 487 299 520 Et
324 490 543 531 propinquum
569 493 746 526 sentientes

302 535 429 571 Lumen
454 548 568 573 verum
593 542 766 582 gaudeant,

253 594 343 627 Ecce
367 597 459 628 venit
482 605 541 629 rex
566 598 705 637 virtutis,

253 642 299 676 Ut
325 644 479 684 antiquae
504 646 670 678 servitutis

304 690 447 724 Gravem
472 693 568 725 tollat
593 694 764 736 sarcinam,

256 748 353 780 Nunc
376 747 492 783 fideles
518 754 652 784 currant
678 751 768 784 chori

250 796 297 829 Et
321 801 496 831 occurrant
520 799 687 840 salvatori,

300 845 408 878 Adest
433 848 519 879 enim
545 848 707 888 cominus;

253 904 328 937 Jam
354 904 483 937 venisse
507 906 718 945 praedicatur

250 951 297 984 Et
322 955 477 985 venturus
504 957 712 994 exspectatur

301 1000 339 1032 In
368 1000 422 1033 die
446 1002 641 1035 novissima·

245 1076 330 1103 Miss.
352 1085 406 1104 ms.
429 1077 644 1107 Cameracense
664 1087 741 1108 saec.
761 1078 806 1107 14.
829 1079 899 1108 Cod.
923 1079 1126 1108 Cameracens.
1150 1078 1214 1109 180.
1235 1081 1271 1108 A.

875 290 935 326 1b.
958 291 1053 324 Cedit
1077 291 1193 323 umbra
1216 291 1431 332 prophetalis⁷

958 339 1166 372 Terminatur
1189 349 1254 372 vox
1278 339 1398 380 regalis

1009 387 1211 421 Succedente
1236 387 1352 429 gratia.

874 445 933 478 2b.
957 445 1164 478 Dissolvatur
1188 455 1252 478 nox
1276 446 1415 485 peceati,

958 493 1004 527 Ut
1029 494 1204 526 instantem
1229 493 1322 526 verbi
1346 494 1416 526 nati

1006 542 1103 574 Diem
1128 551 1238 574 omnes
1265 542 1407 575 videant.

875 598 934 633 3b.
957 599 1004 632 Ut
1031 600 1189 633 dissolvat
1209 601 1320 642 jugum
1347 602 1450 643 vetus,

957 647 1046 680 Ecce
1070 648 1160 680 venit
1183 652 1221 680 ut
1243 650 1428 680 mansuetus

1005 696 1094 728 Deus
1120 705 1219 737 super
1244 696 1377 730 asinam.

872 752 932 785 41).
957 753 1087 796 Ramos,
1114 757 1222 786 vestes
1246 756 1395 786 sternant
1420 755 1449 786 ei

955 800 1002 833 Et
1028 802 1203 834 clamantes
1227 805 1264 834 ut
1287 801 1449 834 Hebraei:

1005 850 1202 883 Benedictus
1228 850 1395 883 Dominus.

873 907 933 941 5b.
953 907 1023 940 Nos
1048 909 1221 940 venturum
1247 907 1470 947 deprecemur,

957 956 1008 988 Ne
1033 964 1092 997 pro
1118 956 1212 988 malis
1235 955 1419 997 judicemur

1005 1004 1104 1045 Digni
1128 1007 1234 1036 morte
1255 1004 1406 1045 pessima.

1350 1080 1418 1108 Mis.
1430 1105 1433 1106 ⁷
1457 1087 1510 1106 ms.

164 1112 384 1143 Cameracense
404 1124 482 1144 saec.
502 1114 580 1144 ¹³41ss-
602 1117 674 1146 Coo.
694 1117 902 1146 Cameracens.
922 1116 988 1146 179.
1002 1119 1037 1147 Β.
1059 1119 1201 1147 -—'Miss.
1222 1128 1277 1147 ms.
1299 1119 1513 1146 Gameraemsu

164 1161 245 1181 saec.
269 1152 315 1182 15.
338 1152 409 1182 Ood.
432 1154 637 1184 Oameraeens.
659 1154 716 1184 223
739 1156 770 1184 O.
791 1172 830 1176 —
849 1157 934 1185 Miss.
957 1156 1172 1186 Cameraomse
1192 1159 1264 1194 imp.
1280 1158 1406 1185 Parisiis
1428 1154 1512 1185 1542.

167 1192 206 1219 D.
228 1207 267 1211 —-
287 1189 341 1225 212,
366 1192 379 1220 1
402 1193 618 1222 Dissolvantur
637 1195 676 1223 D.

169 1377 226 1410 la.

168 1533 224 1565 Za.

166 1687 226 1720 Sa.

165 1843 225 1876 4a.

165 1997 223 2031 5a.

165 2154 222 2187 6a.

166 2310 221 2344 7a.

661 1299 705 1330 10.
746 1298 790 1330 De
810 1298 956 1330 Adventu
974 1298 1032 1331 DX.

253 1378 334 1410 Alta
359 1379 442 1410 coeli
467 1381 542 1411 sunt
568 1383 712 1420 curvata,

253 1427 324 1459 Ima
348 1430 458 1459 terrae
479 1427 654 1462 sublimata

301 1473 411 1515 Super
432 1475 522 1509 orbis
549 1477 725 1518 cardinem,

252 1532 418 1565 Nazareth
443 1535 510 1566 stat
534 1534 594 1567 sub
622 1535 781 1578 clausura,

254 1580 314 1615 Cui
340 1581 459 1614 cedunt
486 1586 602 1615 cuncta
624 1584 701 1624 jura

301 1628 548 1671 Triumphantis
576 1632 702 1674 curiae;

252 1685 423 1721 Infinitum
446 1689 650 1730 terminatur,

256 1735 399 1768 Verbum
425 1738 565 1778 simplex
592 1739 763 1779 copulatur

301 1784 340 1818 In
366 1785 620 1828 adolescentula,

253 1842 339 1875 Dum
364 1841 403 1874 fit
420 1843 555 1876 verbum
573 1843 810 1877 substantivum

251 1890 443 1924 Accidentis
470 1893 700 1933 susceptivum,

303 1939 465 1980 Duplatur
489 1940 702 1981 simplicitas;

250 1996 444 2039 Peregrinat
468 2009 488 2032 a
511 2002 639 2041 natura,

249 2047 337 2079 Dum
361 2047 395 2079 in
420 2048 483 2081 Dei
509 2048 628 2080 transit
649 2049 734 2089 jura,

298 2096 448 2130 Hominis
475 2096 637 2140 conditio;

249 2154 290 2187 In
316 2153 456 2187 humana
483 2157 515 2187 et
543 2155 651 2189 divina

250 2202 331 2236 Cum
355 2203 400 2235 sit
422 2203 504 2236 haec
527 2206 646 2236 natura
670 2203 757 2244 bina,

299 2251 410 2285 Unum
436 2254 487 2284 est
511 2253 733 2293 suppositum3

249 2309 358 2344 Judex
383 2319 440 2343 reo
467 2313 518 2343 est
543 2311 661 2354 unitus,

248 2359 354 2393 Homo
379 2359 451 2398 Deo
477 2361 511 2392 et
536 2360 726 2400 conjunctus

295 2408 356 2442 Est
382 2409 417 2441 in
442 2409 504 2442 hac
528 2408 718 2453 hypostasi;

873 1380 933 1414 lb.
956 1380 1052 1413 Adae
1076 1380 1187 1421 lapsus
1214 1382 1398 1422 reparatur.

954 1429 1049 1462 Evae
1070 1429 1179 1470 pudor
1205 1429 1356 1470 expiatur

1005 1479 1069 1511 Per
1093 1477 1234 1510 Mariam
1259 1477 1430 1518 virginem.

872 1534 931 1570 21).
957 1535 1092 1568 Gabriel
1119 1535 1196 1568 dum
1221 1536 1267 1568 ait
1291 1536 1373 1576 Ave,

954 1584 1036 1624 Ejus
1061 1584 1164 1616 intrat
1188 1584 1223 1616 in
1249 1584 1403 1617 conclave

1003 1633 1076 1666 Rex
1100 1635 1254 1666 aeternae
1278 1632 1411 1672 gloriae.

955 1689 1074 1731 Stupet
1097 1689 1201 1722 omnis
1227 1693 1388 1733 creatura,

955 1738 1062 1771 Silent
1085 1739 1189 1771 omnis
1213 1738 1294 1771 artis
1317 1738 1393 1778 Jura

1003 1788 1043 1820 In
1067 1786 1130 1820 hac
1154 1786 1249 1818 verbi
1275 1786 1400 1826 copula.

954 1844 993 1876 In
1020 1845 1183 1877 diversum
1208 1845 1297 1877 idem
1323 1844 1421 1882 cedit,

954 1892 1041 1925 Dum
1066 1892 1107 1926 ab
1133 1902 1197 1925 uno
1222 1902 1287 1926 non
1313 1893 1447 1934 recedit,

1003 1942 1174 1975 Alteratur
1197 1942 1315 1976 unitas,

956 1999 1044 2039 Quae
1057 1999 1123 2032 sint
1131 1999 1250 2040 vincla,
1260 2008 1342 2039 quae
1347 2000 1513 2040 junctura,

954 2048 1059 2081 Deum
1077 2048 1217 2090 jungens
1242 2057 1312 2081 cum
1338 2047 1477 2091 factura,

1004 2097 1106 2130 Nulla
1131 2097 1223 2130 novit
1246 2097 1341 2132 ratio,

952 2154 1125 2188 Plenitudo
1150 2153 1189 2187 fit
1204 2155 1320 2196 inanis,

957 2203 1035 2237 Sitit
1057 2212 1159 2245 mare,
1186 2202 1287 2237 famet
1312 2204 1407 2244 panis

1003 2253 1074 2290 Nec
1100 2252 1197 2285 datur
1222 2253 1417 2294 oppositum.

871 1689 931 1725 3¹0.

870 1843 930 1878 4b.

870 1999 931 2033 5b.

869 2155 928 2190 61).

872 2311 932 2346 71).
958 2311 1022 2345 Hic
1047 2313 1098 2344 est
1124 2311 1214 2344 dives
1242 2315 1273 2344 et
1297 2319 1425 2355 egenus,

953 2360 1040 2393 Dum
1057 2360 1112 2392 hic
1129 2360 1224 2394 homo
1242 2360 1288 2403 fit,
1309 2362 1395 2402 quod
1411 2361 1512 2402 Deus,

1003 2408 1141 2443 Ponitur
1165 2410 1199 2442 in
1226 2410 1356 2445 exstasi.
