1652 2678
184 291 242 325 1a.

690 114 955 152 —227‘

573 210 641 243 302.
686 209 731 242 De
752 211 862 243 saneto
883 210 1091 242 Launomaro.

269 291 466 326 Launomari
491 292 596 334 patris
621 293 669 333 pii

317 339 421 373 duleis
447 344 496 373 est
522 342 689 382 memoria,

186 413 206 446 2
216 421 245 446 a.
272 412 455 456 Trinitatis,

183 583 241 616 3a.

181 751 239 783 4a.

183 921 240 953 5a.

182 1186 240 1218 6a.

181 1403 235 1434 ¹?a.

177 1572 235 1605 8a.

178 1740 236 1774 921.

154 1861 235 1895 loa.

153 2032 235 2065 lla.

151 2203 233 2236 1222.

266 460 411 494 Unitatis

316 510 422 543 cultor
446 509 487 542 ab
510 509 661 551 infantia,

268 583 454 616 :Iuventutis

268 631 309 664 In
333 630 463 663 virtutis

316 677 422 711 Lucet
447 678 567 711 ducens
592 678 709 718 spatia,

267 750 410 790 Fulgens
436 752 471 783 ut
496 750 593 782 stella

269 798 367 838 Quasi
393 798 477 831 cella
502 807 635 832 servans
660 797 759 830 mella

316 845 426 879 Verba
449 844 537 879 fudit
563 846 680 888 dulcia,

267 919 349 952 Erat
374 921 508 959 paratus
535 919 682 952 omnibus

266 968 322 1000 Ad
348 968 465 1007 omnia,

316 1015 517 1057 Sanctitatis,

315 1063 451 1097 Pietatis

362 1111 518 1144 Proferre
541 1111 713 1152 magnalia.

267 1184 500 1216 Perversorum
527 1183 627 1216 eorda
654 1183 744 1222 dura,

264 1232 431 1265 Lenonum
453 1231 591 1271 impura,

265 1279 494 1321 Negligentum
519 1288 634 1312 secura

267 1328 483 1361 Convertebat
508 1328 577 1360 vita
600 1337 696 1368 pura.

262 1400 477 1440 Launomare‚
503 1400 599 1432 stella
623 1402 745 1439 nostra,

261 1450 345 1482 Esse
369 1452 497 1489 patrem
522 1451 554 1480 te
582 1447 768 1480 demonstra

310 1496 415 1530 Nobis
440 1505 501 1539 per
526 1497 607 1529 haec
633 1496 756 1531 maria:

263 1569 364 1603 Adsis
389 1570 495 1611 nobis,
521 1569 592 1603 Deo
619 1577 704 1610 care,

260 1618 308 1651 Ut
333 1627 486 1658 queamus
513 1618 637 1651 evitare

310 1666 430 1699 Mortis
456 1666 658 1708 praecipitia.

262 1740 476 1777 Launomare‚
502 1738 557 1779 pie
581 1741 703 1780 pastor,

311 1787 432 1831 Decus,
459 1787 626 1828 splendor,
653 1787 768 1828 gloria,

265 1860 291 1894 Ο
318 1859 368 1892 sol
390 1862 512 1900 noster,
539 1869 558 1892 ο
583 1858 732 1900 benigne,

263 1909 288 1942 O
315 1911 502 1942 sanctorum
529 1908 627 1941 choro
655 1908 763 1949 digne,

309 1958 395 1992 Para
419 1956 513 1991 nobis
539 1956 668 1999 gaudia,

262 2030 373 2063 Armis
398 2030 481 2063 lueis
506 2039 565 2062 nos
593 2028 770 2071 circumda,

261 2079 394 2112 Robora
424 2080 505 2114 dans
531 2078 646 2111 animis

308 2128 412 2161 Preee
434 2131 492 2160 tua

261 2201 372 2243 Ipsum
400 2199 499 2234 corde
521 2201 589 2241 jam
615 2209 764 2241 rogemus

306 2251 346 2284 In
373 2250 423 2282 tui
447 2250 615 2290 memoria,

885 292 944 326 lb.
966 291 1049 324 Nam
1075 290 1207 324 fuerunt
1232 291 1300 331 ejus
1325 291 1381 331 pia

1014 339 1088 373 finis
1115 344 1147 373 et
1171 339 1361 380 primordia.

885 412 946 447 2b.
967 412 1127 445 Formans
1152 420 1258 444 mores

967 460 1085 494 Mundi
1113 459 1209 494 flores

1017 509 1159 551 Sprevit‚
1184 507 1269 549 fugit
1291 509 1419 550 gaudia.

884 581 944 615 3b.
965 581 1004 613 In
1031 590 1149 614 corona

968 629 1064 662 Vitae
1089 629 1174 662 bona

1015 678 1110 711 Rosis
1136 678 1241 719 sepsit
1262 678 1341 710 lilia.

881 750 942 785 4b.
964 750 1097 784 Cunctis
1119 750 1272 790 juvamen

968 797 1078 831 Gratis
1102 800 1274 838 praestans
1300 800 1334 831 et
1351 798 1495 830 solamen

1014 846 1100 880 Diva
1127 856 1188 887 per
1213 847 1350 887 eloquia.

885 919 945 953 5b.
969 918 1064 951 Justa
1089 927 1160 951 cum
1182 919 1278 960 justis
1304 916 1472 951 conferens

968 966 1112 1000 Consilia

1014 1015 1226 1057 Suggerebat,

1015 1064 1062 1098 Ut
1089 1063 1236 1104 decebat,

1062 1111 1203 1152 Singulis
1227 1112 1331 1144 utilia.

883 1183 943 1217 610.
965 1183 1146 1225 Egentibus
1174 1184 1253 1216 dare
1277 1192 1344 1224 sua,

963 1231 1135 1264 Flentibus
1169 1240 1318 1275 congrua,

966 1278 1137 1312 Conferret
1160 1282 1198 1312 ut
1223 1281 1381 1320 exempla,

964 1327 1056 1368 Jugis
1083 1328 1112 1359 ei
1138 1329 1209 1360 erat
1233 1337 1321 1361 eura.

881 1400 939 1434 7b.
958 1399 1052 1432 Mors
1079 1402 1128 1431 est
1153 1400 1238 1432 enim
1263 1400 1339 1432 talis
1363 1400 1436 1432 vita.

963 1448 1077 1481 Tantis
1103 1448 1189 1480 curis
1215 1448 1353 1488 irretita,

1012 1496 1076 1529 Tot
1098 1496 1185 1529 inter
1211 1496 1384 1529 contraria.

880 1569 939 1603 8b.
963 1569 1064 1602 Placa
1089 1569 1182 1602 nobis
1207 1572 1336 1610 patrem
1363 1569 1455 1609 caeli,

962 1618 1010 1650 Te
1034 1627 1184 1659 rogamus
1208 1626 1267 1658 spe
1289 1617 1383 1651 fideli

1014 1666 1142 1699 Grandi
1169 1675 1241 1698 cum
1264 1665 1395 1700 fiducia.

879 1739 940 1773 9b.
961 1738 1068 1779 Hujus
1094 1739 1201 1779 gregis
1227 1746 1356 1779 semper
1372 1747 1497 1772 memor

1013 1787 1064 1820 Sis
1090 1786 1124 1818 in
1151 1786 1232 1819 coeli
1258 1787 1357 1819 curia.

855 1859 940 1894 10b.
963 1859 1015 1891 Ne
1039 1868 1099 1892 nos
1120 1860 1240 1899 perdat
1263 1859 1334 1893 laus
1350 1859 1492 1893 humana

964 1907 1035 1940 Neo
1047 1916 1122 1949 spes
1136 1916 1229 1948 vana,
1250 1907 1313 1940 duc
1325 1916 1385 1949 per
1397 1909 1497 1949 plana

1011 1956 1197 1989 Tendentes
1223 1956 1266 1988 ad
1290 1958 1446 1998 praemia.

857 2029 898 2063 11
908 2029 940 2063 b.
964 2028 1012 2062 Ut
1035 2038 1095 2062 nos
1115 2028 1262 2062 Christus
1285 2031 1329 2063 ad
1346 2039 1383 2062 se
1401 2031 1497 2064 ducat

963 2077 1033 2111 Nos
1058 2077 1121 2111 sibi
1148 2078 1323 2112 concilians

1011 2126 1100 2168 Lege
1124 2136 1193 2163 sua.

854 2199 938 2235 12b.
961 2199 1022 2239 Qui
1047 2208 1106 2233 nos
1132 2201 1239 2232 tecum
1261 2209 1321 2241 per
1338 2202 1371 2233 te
1387 2210 1496 2235 secum

1010 2247 1155 2281 Collooet
1180 2249 1216 2282 in
1241 2249 1346 2291 gloria

622 2323 678 2357 13.
705 2322 798 2356 Finis
824 2322 927 2357 omnis
953 2322 1073 2357 nescia.

226 2402 531 2432 Cod.A1.11·elianens.
557 2399 609 2438 (ol.
628 2399 824 2437 Floriaeens.)
850 2398 916 2429 201.
945 2407 1023 2429 saec.
1054 2397 1089 2427 12
1119 2402 1149 2427 et
1175 2397 1220 2429 13.
1251 2400 1318 2429 add.
1345 2408 1423 2429 saec.
1453 2398 1497 2429 12.

145 2452 190 2472 ex.
213 2458 251 2463 —
271 2442 330 2471 Mit
349 2442 496 2471 Neumen.

1260 2487 1321 2519 15*
