1652 2678
688 90 952 127 —139-

158 188 215 222 2a.
242 188 342 221 Pulsa
369 189 476 222 cordis
501 192 701 233 tympanum,

241 236 342 270 Sonet
366 239 454 271 vocis
478 247 629 280 organum

289 285 368 319 Viro
396 286 582 327 venerabili,

158 344 216 377 3a.
246 344 464 378 commutavit
488 344 623 385 gloriam

241 392 408 433 Linquens
433 393 654 426 transitoriam

290 440 354 473 Pro
378 441 644 481 incommutabili,

157 500 215 532 4a.
245 499 269 532 Ο
298 499 484 532 thesaurum
510 500 661 538 numinis,

243 547 342 588 Quem
367 557 428 581 nec
453 547 609 588 splendor
630 547 794 589 sanguinis

290 595 361 628 Nee
386 598 556 637 parentum
578 596 718 629 monitus

291 644 440 677 Trahunt
464 645 509 677 ad
534 643 734 676 concubitus.

159 704 220 735 5a.
245 702 368 742 Regem
393 702 512 743 linquit

240 750 312 783 Nec
338 750 505 791 delinquit,

290 798 399 832 Discit
422 799 526 840 legem

289 846 336 880 Et
359 846 401 879 ad
426 855 535 887 regem

337 895 529 936 Regendum
558 895 696 936 eligitur.

159 955 217 988 6a.
245 954 270 987 O
296 954 478 994 praeclare,

241 1001 311 1035 Nos
338 1002 473 1043 dignare

292 1050 338 1083 Et
363 1050 479 1083 exaudi

295 1098 385 1131 Tuae
408 1098 500 1131 laudi

341 1147 559 1187 Congregatos
585 1144 692 1178 hodie.

159 1207 218 1240 7a,
244 1206 310 1238 Per
335 1208 368 1237 te
393 1205 524 1245 quidem
548 1203 633 1235 vidit
659 1210 772 1234 caecus

243 1253 290 1286 Et
313 1261 472 1285 sessorem
496 1251 616 1284 sternit
637 1259 747 1291 equus,

291 1300 377 1334 Dum
403 1300 522 1341 spiritu
546 1299 710 1340 nequitiae

294 1348 402 1392 Cingit
427 1358 535 1381 ensem
557 1347 703 1381 militiae.

158 1409 218 1441 8a.
247 1408 272 1441 O
298 1416 418 1440 corona
443 1407 658 1445 sacerdotum,

243 1455 341 1489 Sidus
367 1456 454 1488 inter
479 1458 569 1487 astra
593 1457 714 1494 notum,

288 1504 408 1538 Preces
434 1502 546 1536 fundis

288 1552 334 1586 Et
357 1552 532 1585 immundis

337 1602 485 1642 Imperas
510 1599 690 1640 spiritibus.

854 189 915 224 2b.
935 191 1033 231 Ecce,
1060 197 1186 230 gemma
1210 188 1347 220 militum

937 238 1071 271 Scandit
1097 236 1201 270 aulam
1229 237 1379 268 coelitum

987 287 1064 320 Cum
1089 286 1252 326 triumpho
1277 284 1389 318 nobili.

855 344 912 379 3b.
933 344 1120 378 Debellavit
1143 343 1257 376 vitium

937 393 1058 426 Mentis
1079 392 1260 425 aediticium

985 441 1085 473 Petra
1110 439 1248 473 fundens
1274 439 1393 472 stabili.

854 499 915 533 4b.
938 500 1041 532 Amor
1065 498 1290 540 temporalium

938 547 1061 580 Suadet
1086 547 1276 588 conjugium,

987 595 1052 629 Sed
1077 595 1194 628 transit
1217 595 1252 627 in
1277 594 1427 635 spiritum

987 643 1068 677 Caro
1092 643 1233 684 perdens
1260 643 1413 675 debitum.

855 702 913 736 512.
933 701 1067 742 Mulcet,
1097 704 1209 742 terret,

935 750 988 782 Ne
1013 750 1084 790 quis
1110 753 1206 791 erret,

986 797 1060 830 Non
1085 798 1120 830 in
1145 798 1215 830 sola

985 846 1122 886 Frangit
1148 847 1234 879 mola

1034 895 1080 927 Et
1102 897 1239 935 utraque
1264 892 1436 934 frangitur.

855 953 915 986 6b.
936 953 987 985 Tu
1009 952 1122 984 beatus

938 1000 1127 1034 Advocatus

986 1048 1030 1080 Et
1055 1047 1183 1081 medela

990 1096 1110 1129 Contra
1134 1096 1201 1128 tela

1035 1144 1182 1177 Latentis
1207 1143 1374 1185 perfidiae.

857 1203 917 1237 Ἠ).
939 1202 1063 1236 Urbem
1089 1202 1188 1234 solvis
1214 1212 1234 1234 a
1258 1202 1392 1243 tributo,

937 1251 1030 1284 Perit
1053 1258 1187 1291 praeses
1212 1251 1283 1282 cive
1306 1254 1376 1282 tuto

987 1299 1033 1331 Et
1056 1299 1197 1332 vincitur
1223 1299 1351 1339 egregie

987 1347 1111 1380 Mentis
1135 1347 1322 1388 incoeptum
1345 1347 1466 1388 regiae.

856 1406 914 1439 8b.
939 1406 1019 1438 Illos
1046 1414 1121 1445 ergo
1146 1404 1261 1446 procul
1286 1405 1384 1447 pelle,

938 1453 1008 1486 Fac
1024 1462 1082 1486 nos
1097 1454 1200 1485 solum
1214 1453 1377 1486 Christum
1393 1453 1490 1496 velle,

989 1502 1104 1535 Sumus
1129 1501 1189 1541 tui,

988 1549 1057 1583 Fac
1081 1559 1139 1582 nos
1165 1548 1230 1582 frui

1034 1598 1193 1632 Praemiis
1219 1596 1421 1631 coelestibus.

566 1658 597 1690 9.
625 1658 698 1691 Hoc
724 1656 780 1690 <let
805 1657 873 1697 ejus
898 1657 1014 1699 gratia,

626 1705 687 1746 Qui
712 1709 826 1746 regnat
845 1714 905 1746 per
931 1705 1038 1738 omnia

675 1754 822 1788 Saecula.

231 1840 351 1869 Prosar.
371 1848 425 1869 ms.
439 1840 669 1869 Marchianense
691 1847 766 1868 saec.
791 1838 835 1868 15.
854 1839 923 1869 Cod.
939 1840 1087 1868 Duacens.
1111 1836 1174 1868 123.
1194 1854 1233 1858 —
1252 1838 1323 1867 Mel.
1345 1838 1486 1867 offenbar:

154 1881 246 1908 Mane
265 1882 363 1917 prima
383 1879 512 1908 sabbati.

592 2031 656 2064 184.
697 2031 742 2063 De
762 2032 876 2063 sancta
894 2031 1053 2063 Barbara.

157 2117 217 2150 la.
243 2115 397 2150 Laudent
421 2117 490 2148 toto
518 2115 617 2148 corde
642 2114 721 2147 cleri

241 2163 321 2197 Cum
348 2164 465 2198 devoto
492 2166 524 2195 et
548 2163 667 2196 sinceri

287 2212 457 2247 Barbarae
482 2213 648 2254 solemnia,

151 2284 212 2318 2a.
239 2281 339 2323 Cujus
362 2282 458 2322 pater
483 2280 645 2313 idolomm

238 2330 352 2366 Cultor
378 2332 458 2371 erat,
486 2329 541 2370 qui
568 2328 720 2362 decorum

288 2380 439 2414 Castrum
464 2378 546 2412 strui
573 2376 707 2419 fecerat,

863 2113 918 2149 lb.
942 2113 1031 2153 Quae
1055 2113 1204 2154 cognovit
1231 2112 1412 2146 trinitatem

940 2162 1010 2196 Deo
1037 2171 1158 2195 vovens
1184 2161 1365 2194 castitatem

989 2211 1086 2244 Vitae
1107 2220 1168 2251 per
1191 2210 1341 2251 insignia

855 2280 915 2314 210.
939 2279 1019 2312 Cum
1043 2278 1197 2312 fenestris
1221 2281 1348 2311 tantum
1370 2279 1466 2321 binis,

937 2328 1019 2369 Ejus
1045 2330 1123 2363 nata
1147 2328 1206 2361 sed
1232 2337 1302 2360 eum
1327 2328 1422 2362 trinis

986 2376 1075 2410 Fore
1097 2377 1326 2418 imperaverat.
