1652 2678
751 79 1014 115 -216—

242 178 302 211 Sa.
331 178 418 211 Dum
442 179 612 219 praedicat
939 174 1000 209 81).
1024 174 1109 207 Suae
1135 173 1232 206 ducta

374 229 558 260 constanter
581 227 764 263 Dominum,
1070 221 1185 254 mortis
1211 220 1255 253 ad
1280 219 1442 253 victimam

326 274 368 308 Se
392 275 504 317 regina
1023 269 1138 303 Lictor
1163 270 1256 309 aptat

373 324 444 365 regi
470 325 528 358 dat
552 322 703 356 omnium.
1075 316 1196 351 cervici
1219 315 1385 350 frameam.

245 382 302 415 9a.
330 381 554 423 sophistarum
941 376 1000 412 91).
1023 376 1075 409 De
1099 376 1232 408 vulnere

374 432 501 462 coetum
524 429 695 463 rebellium
1072 424 1115 456 ad
1142 424 1239 457 decus
1263 424 1397 467 virginis

324 477 394 510 Deo
420 477 524 519 gignit
1022 473 1092 506 Lae
1116 471 1243 505 effluxit

374 533 435 566 per
460 526 672 566 evangelium.
1071 530 1132 561 pro
1158 519 1247 553 fluxu
1271 521 1444 562 sanguinis.

223 582 303 616 loa.
333 582 431 622 Cujus
455 582 616 622 obsequiis
917 580 960 614 10
971 579 1002 612 b.
1022 579 1167 612 Locatur
1191 579 1325 619 spiritns

377 630 532 662 assistunt
561 630 668 670 angeli
1071 627 1106 660 in
1131 628 1204 659 sinu
1226 627 1389 669 Abrahae,

330 677 378 710 Et
402 685 519 718 corpus
546 678 703 711 collocant
1022 677 1064 710 In
1090 685 1152 716 quo
1176 684 1234 709 nos
1261 675 1395 709 collocet

377 724 412 757 in
436 727 546 758 monte
571 725 670 759 Sinai.
1072 733 1130 757 suo
1155 723 1351 765 precamine.

300 802 386 830 Miss¹
406 810 460 830 ms.
481 802 671 831 Whitbiense
691 810 768 830 save.
799 800 843 830 14.
865 800 936 829 Cod.
957 799 1118 829 Oxoniens.
1138 801 1266 829 Miseell.
1286 800 1404 837 Liturg.
1430 796 1498 827 390.

222 841 274 873 fia,
297 839 317 868 4
336 841 369 868 in
390 840 577 869 convallibus
597 841 652 869 Hs.

640 971 710 1002 289.
752 970 796 1001 De
817 970 928 1002 saneta
949 968 1139 1001 Katharina.

224 1055 281 1087 la.
311 1054 336 1087 Ο
364 1052 485 1086 rubens
509 1053 629 1092 rosula,
923 1050 984 1084 lb.
1006 1051 1068 1083 His
1093 1050 1198 1083 tribus
1224 1049 1359 1083 floribus

356 1102 381 1135 O
409 1102 531 1135 candor
555 1102 628 1141 lilii,
1054 1098 1102 1132 Es
1128 1099 1367 1141 comparabilis,

310 1151 335 1184 O
361 1158 502 1183 vernans
532 1150 628 1188 viola,
1007 1147 1169 1188 Fraglans
1195 1147 1350 1180 odoribus

356 1199 381 1232 Ο
408 1207 527 1239 sponsa
552 1197 612 1230 filii
1056 1195 1170 1229 Proles
1195 1193 1345 1230 amabilis

378 1246 480 1287 Regis
506 1246 665 1278 altissimi.
1102 1243 1191 1277 Costi
1215 1244 1366 1285 piissimi.

228 1307 286 1338 2a.
312 1304 401 1337 Rosa
424 1304 581 1344 martyrio
923 1301 982 1335 21).
1004 1302 1092 1335 Hine
1115 1302 1309 1342 patientium

357 1352 502 1393 Rubens,
528 1351 700 1393 virginitas
1052 1350 1200 1383 Debetur
1229 1360 1330 1384 aurea

307 1399 462 1442 Signatur
481 1399 562 1441 lilio,
1006 1398 1086 1431 Cum
1113 1397 1333 1432 confitentium

353 1448 399 1481 Et
425 1448 532 1482 cordis
558 1449 662 1489 pietas
1052 1447 1176 1488 Palma,
1203 1447 1350 1489 virginea

406 1496 504 1529 Latet
524 1497 583 1529 sub
610 1497 707 1531 viola.
1102 1495 1205 1529 Simul
1231 1497 1373 1530 aureola.

221 1556 282 1589 3a.
309 1555 406 1596 Aqua
430 1555 571 1587 rosatica
920 1554 979 1588 3b.
1005 1553 1197 1594 Exstinguit
1220 1554 1308 1587 viola

357 1602 530 1637 Confortat
552 1603 684 1647 lumina,
1054 1601 1203 1636 Calorem
1228 1604 1370 1644 noxium,

306 1650 458 1692 Gensque
482 1651 676 1685 scholastica
1006 1650 1265 1684 Adolescentula

351 1700 521 1741 Reiinquit
545 1701 678 1734 numina
1049 1699 1150 1733 Virus
1174 1700 1358 1733 haeresium

402 1748 445 1781 Se
469 1748 612 1782 subdens
636 1748 724 1784 fidei.
1103 1748 1173 1789 Ope
1202 1746 1288 1782 freta
1312 1748 1385 1782 Dei.

224 1808 284 1841 42.
309 1807 465 1841 Medetur
489 1807 604 1849 lilium,
921 1807 982 1841 4b.
1004 1807 1066 1840 His
1093 1815 1169 1848 ergo
1192 1805 1329 1841 floribus

356 1856 454 1897 Virgo
481 1856 659 1898 Porphyrii
1053 1855 1189 1897 Signata
1212 1856 1333 1897 taliter,

306 1904 371 1938 Gor
395 1908 488 1937 sanat
514 1906 657 1938 saucium
1006 1904 1075 1937 Nos
1102 1914 1182 1937 orna
1206 1905 1363 1944 moribus,

354 1952 443 1986 Loco
471 1953 597 1995 collirii,
1053 1952 1101 1986 Ut,
1125 1953 1336 1986 aeternaliter

402 2000 494 2034 Dans
519 2001 625 2034 Deum
652 2002 769 2036 colere.
1103 2000 1269 2033 Possimus
1299 2001 1421 2035 vivere.

218 2114 243 2141 Β
266 2075 382 2142 Βῦξίες.
409 2085 462 2104 ms.
483 2077 703 2105 Kilormicense
730 2084 806 2104 saec.
838 2074 883 2104 15.
905 2075 976 2103 Cod.
998 2075 1126 2112 Colleg’ii
1144 2085 1183 2105 ss.
1204 2077 1362 2106 Trinitatis
1385 2079 1564 2108 Dublinens.

635 2209 706 2241 290.
746 2206 791 2239 De
811 2208 923 2240 saneta
946 2208 1141 2242 Katharina.

226 2289 280 2320 la.
307 2287 412 2320 Dulce
436 2290 537 2323 melos
922 2289 980 2322 11).
1006 2290 1106 2332 Virgo
1133 2295 1260 2325 coetum

307 2335 403 2368 Nune
429 2337 522 2370 decet
545 2337 675 2371 fidelem
702 2337 846 2376 chorum,
1006 2337 1175 2372 Celebrem
1202 2341 1281 2373 vicit
1308 2341 1488 2385 doctorum,

353 2384 507 2428 Alleluja‚
1053 2387 1120 2419 Res
1145 2389 1305 2423 miranda.
