1652 2678
699 84 936 122 -49—

138 179 197 214 2a.
224 181 313 215 Arca
338 182 409 216 Noe
434 182 625 225 fabricatur,
840 185 899 219 2b.
922 185 1004 227 Regi
1028 184 1139 220 David
1164 186 1305 219 sociatur

221 229 329 264 Extra
354 239 449 273 quam
475 241 569 265 nemo
595 233 739 267 salvatur
921 234 1067 276 Abysag,
1095 236 1132 267 ut
1156 233 1306 268 foveatur

273 279 338 312 Sed
363 280 452 321 perit
477 281 617 322 diluvio;
970 282 1042 315 Rex
1066 282 1100 316 in
1127 284 1196 324 ejus
1223 284 1354 325 gremio,

137 347 195 381 3a.
221 347 253 379 A
279 347 381 382 Jacob
405 348 496 382 scala
521 349 664 382 cernitur
840 350 898 387 3b.
922 349 1072 383 Salomon
1103 349 1289 385 aedificavit

220 395 372 437 Tangens
391 398 517 430 coelum
537 406 599 430 nec
614 399 780 439 spernitur
904 399 1095 440 ·Templum
1120 402 1218 441 atque
1243 398 1409 433 dedicavit

271 443 337 478 Sed
362 445 446 485 lapis
472 446 656 487 inungitur3
969 447 1108 481 Domino
1133 450 1170 480 ut
1194 447 1323 491 legitur.

136 512 197 546 4a.
223 510 316 545 Haec
341 512 471 555 signant
492 514 552 547 sub
577 513 738 547 velamine
836 514 898 549 4b.
922 514 1019 556 Cujus
1045 515 1128 549 mira
1159 515 1331 549 dulcedine

221 559 335 594 Mente
359 562 514 595 mundam
539 571 558 594 a
583 562 718 595 crimine
921 561 1135 596 Perfruamur
1160 573 1231 597 cum
1257 564 1384 606 agmine

269 608 396 650 Sponso
421 613 557 651 nuptam
580 611 715 651 gloriae,
968 610 1214 653 Triumphantis
1239 613 1358 646 curiae.

212 694 298 722 Miss.
318 703 374 722 ms.
394 695 735 724 Romano-Francisoan.
756 704 834 725 saec.
857 694 902 725 15.
923 694 993 724 Ood.
1013 698 1196 727 Londinens.
1219 698 1305 728 Harl.
1326 695 1412 727 2967.

510 846 557 878 62.
598 847 634 879 In
655 847 857 890 susceptione
877 848 1106 890 Reliquiarum.

135 927 192 961 ia,
218 927 275 960 Ad
300 927 456 960 honorem
481 929 597 961 summi
625 930 710 970 regis
838 929 898 963 lb.
922 929 1034 971 Surge,
1061 939 1166 971 surge,
1192 930 1287 970 plebs
1315 931 1441 970 deuota,

220 975 393 1008 Excitetur
417 977 522 1009 nostri
547 977 654 1019 gregis
919 978 1035 1012 Redde
1059 978 1130 1012 Deo
1154 988 1240 1011 nova
1262 981 1350 1018 vota,

267 1025 419 1058 Jucunda
443 1025 599 1066 laudatio,
970 1025 1091 1059 Civitas
1118 1026 1257 1060 Suessio.

134 1103 190 1137 2a.
220 1101 368 1135 Christus
395 1102 557 1144 quondam
574 1105 608 1135 te
625 1102 774 1143 Crispino
836 1103 895 1136 2b.
918 1103 1028 1135 Novos
1053 1106 1163 1143 patres
1185 1103 1317 1136 mittens
1335 1113 1474 1145 rursum,

218 1150 396 1183 Decoravit
421 1153 454 1182 et
477 1150 594 1184 Rufino
918 1151 1088 1192 Reparare
1113 1154 1188 1184 tuae
1215 1160 1342 1184 cursum

268 1197 348 1231 Cum
374 1198 542 1231 amborum
567 1197 737 1241 fratribus,
967 1199 1064 1232 Vitae
1086 1199 1152 1231 suis
1177 1199 1340 1241 precibus.

132 1278 193 1311 3a.
220 1276 349 1309 Sanctis
375 1285 505 1317 semper
529 1278 638 1317 grates
663 1284 732 1318 age,
835 1275 896 1311 ab.
918 1276 1055 1309 Factam
1082 1278 1174 1309 extra
1200 1280 1320 1309 sortem
1345 1278 1459 1311 mortis

215 1324 277 1364 Qui
301 1326 335 1357 te
358 1325 466 1367 prima
486 1333 545 1357 sua
569 1327 677 1365 strage
917 1325 966 1357 Te
992 1328 1174 1358 consortem
1198 1334 1276 1358 suae
1301 1326 1398 1359 sortis

213 1373 401 1406 Erexerunt
424 1373 458 1405 in
486 1381 640 1414 compage
917 1373 1140 1407 Adduxerunt
1164 1374 1250 1407 vitae
1273 1374 1377 1414 portis

266 1421 419 1463 OorporIs
440 1421 605 1455 ecclesiae.
965 1421 1013 1455 Et
1037 1422 1080 1455 ad
1104 1425 1235 1463 portum
1261 1424 1395 1465 gratiae.

130 1500 189 1535 4a.
218 1499 383 1533 Venerare
408 1501 483 1532 voto
504 1499 579 1540 pari
833 1499 892 1535 4b.
918 1499 1012 1541 Ipsos
1038 1508 1118 1532 voce
1143 1500 1172 1532 si
1198 1500 1403 1533 commendas

215 1549 341 1590 Patres,
368 1557 427 1589 per
453 1557 533 1590 quos
558 1548 686 1581 visitari
916 1548 963 1581 Et
986 1549 1016 1581 si
1038 1548 1157 1582 mentis
1174 1550 1311 1582 mundes
1327 1549 1473 1595 mendaS,

263 1597 310 1631 Te
334 1598 485 1630 recenter
511 1596 682 1637 conspicis,
963 1597 1069 1630 Dulce
1095 1606 1225 1631 carmen
1252 1597 1391 1631 conficis.

129 1675 188 1709 5a.
217 1676 382 1708 Venerare
406 1675 530 1716 lignum
557 1673 662 1707 crucis
833 1675 892 1710 5b.
915 1674 1008 1709 Haec
1032 1676 1066 1708 in
1096 1675 1181 1708 mari
1206 1675 1292 1708 viam
1312 1676 1439 1716 stravit,

215 1724 408 1764 Veterisque
433 1724 557 1764 virgam
583 1722 685 1764 ducis,
917 1723 1007 1758 Illud
1032 1724 1124 1756 novis
1151 1723 1386 1757 demonstravit

263 1771 430 1815 Insignem
455 1771 633 1812 miraeum,
964 1772 1059 1804 Viam
1083 1772 1172 1804 vitae
1195 1772 1336 1813 populis,

129 1851 187 1884 ea.
216 1850 317 1891 Virga
343 1852 435 1882 vetus
461 1849 562 1890 signis
588 1848 750 1890 splendet,
834 1848 892 1883 δῖ).
916 1848 1081 1889 Quidquid
1106 1848 1165 1881 illa
1194 1849 1294 1890 signis
1320 1850 1436 1891 signat,

215 1899 282 1932 Sed
305 1901 338 1931 te
363 1907 448 1931 nova
472 1900 577 1930 totum
601 1899 724 1938 pendet
915 1897 1007 1930 Haec
1034 1897 1167 1938 exponit
1193 1900 1226 1930 et
1250 1899 1395 1940 assignat

262 1947 383 1981 Salutis
409 1946 592 1988 negotium3
965 1945 1137 1987 signorum
1161 1947 1362 1988 mysterium.

128 2026 184 2060 va.
211 2025 273 2059 His
298 2025 424 2059 duobus
448 2024 533 2058 fulta
556 2025 657 2066 signis
833 2024 891 2059 7b.
913 2023 987 2057 Huc
1010 2024 1147 2065 accedit,
1175 2025 1262 2066 quod
1287 2028 1474 2060 sanctorum

261 2074 307 2108 Et
331 2074 432 2116 signis
457 2073 637 2116 insignibus
964 2072 1120 2107 Praedita
1145 2074 1290 2114 reliquiis

212 2123 391 2163 Insignitur
415 2123 495 2156 urbs
519 2123 667 2164 insigniS,
914 2121 1132 2155 Romanorum
1159 2124 1193 2154 et
1216 2121 1416 2156 Graecorum

261 2171 369 2205 Nullis
394 2171 502 2212 impar
525 2170 672 2206 urbibus,
964 2170 1007 2204 Se
1031 2169 1157 2204 confert
1182 2171 1337 2206 ecclesiis,

123 2255 182 2288 8a.
213 2251 312 2284 Petro
338 2258 396 2283 suo
422 2249 528 2284 Roma
553 2250 683 2292 gaudet,
832 2248 891 2284 8b.
916 2247 1046 2283 Gaudet
1072 2249 1156 2282 enim
1182 2248 1239 2289 tui,
1268 2249 1406 2292 Christe,

215 2299 281 2333 Sed
306 2307 368 2332 nec
391 2301 505 2333 nostra
529 2299 635 2331 minus
662 2297 761 2332 audet
917 2297 1144 2331 Praecursoris
1171 2301 1203 2331 et
1228 2298 1391 2341 baptistae

263 2348 418 2383 Gaudere
443 2348 594 2388 Suessi03
967 2347 1082 2388 Capite
1108 2356 1179 2380 cum
1204 2347 1348 2382 brachio.

150 2423 153 2429 ·
180 2411 313 2438 Dreves,
330 2409 479 2439 sequentiae
495 2407 617 2432 Ineditae.
646 2406 692 2431 ΙΙΙ.
1276 2404 1296 2435 4
