1652 2678
699 119 965 157 —279—

616 214 682 247 370.
722 216 767 248 De
791 217 901 249 saneto
924 215 1058 248 Orioolo.

162 287 222 321 la.
250 287 426 320 Remorum
449 287 624 327 metropoli
866 287 927 322 1b.
950 288 1073 330 Algens
1098 289 1131 319 et
1155 287 1299 319 esuriens

299 334 445 367 Saltuum
466 334 610 368 frutecta
997 336 1108 369 Rubos
1134 344 1173 367 ac
1198 336 1328 368 dumeta

248 383 410 416 Praetulit
435 384 557 418 Oricoli
949 385 1091 417 Vellieat
1114 384 1301 416 multotiens

295 430 391 463 ‚Mens
419 432 479 464 deo
505 432 662 472 subjecta.
999 432 1043 466 Ut
1067 433 1167 465 Amos
1193 433 1363 473 propheta.

164 490 222 523 2a.
247 488 405 521 Judicans
431 488 640 530 superfluum,
866 489 927 524 2b.
948 491 1029 524 Jure
1055 491 1130 523 dato
1156 490 1272 522 sceleri

301 535 336 568 Si
358 538 502 577 postulet
525 537 630 578 plura,
997 539 1111 572 Mente
1136 538 1240 570 Deum
1264 548 1368 579 prona

248 584 351 625 Quam
377 586 463 626 quod
490 595 552 627 ope
577 595 728 618 manuum
949 586 1054 627 Rogat
1081 587 1196 627 dignus
1221 585 1293 618 fieri

298 633 448 666 Postulat
474 638 601 666 natura.
999 635 1184 676 Martyrum
1210 643 1334 668 corona.

164 691 221 724 3a.
249 691 295 724 Et
318 691 424 731 patris
452 690 575 724 diaboli
866 691 927 725 3b.
952 692 1120 725 Macronis
1145 692 1317 725 Vandalioi

299 738 434 771 Soboles
459 748 581 772 vesana
1000 742 1071 773 acie
1096 740 1257 783 districta,

251 787 352 827 Rapit
376 786 472 828 huno,
501 788 576 820 dum
602 787 743 828 symboli
952 788 1069 821 Fidem
1094 787 1243 830 praefert
1268 789 1382 821 vertici

299 835 438 867 Reserat
463 844 592 868 arcana.
1002 838 1129 871 Caritas
1153 837 1286 872 invicta.

166 894 225 926 4a.
253 891 354 924 Flent
375 902 504 925 sorores
530 893 677 934 geminae
868 893 929 927 41),
955 893 1062 935 Supra
1085 894 1186 935 pedes
1212 895 1319 927 obruti

300 940 443 973 Duotum
469 942 512 974 ad
540 945 694 982 extrema,
1005 943 1130 983 Capitis
1156 945 1222 974 stat
1242 943 1290 975 ita

252 989 374 1029 Quibus
399 990 472 1030 pari
499 989 654 1030 sanguine
958 989 1081 1031 Corpus
1106 994 1256 1022 truncum
1281 991 1382 1023 veluti

300 1038 368 1070 Par
392 1041 442 1070 est
465 1038 624 1071 diadema.
1004 1039 1139 1072 Plenum
1166 1041 1251 1070 esset
1276 1039 1354 1072 vita.

168 1096 224 1129 5a.
252 1094 334 1128 Fert
362 1098 460 1135 caput
486 1094 627 1135 contigui
872 1095 930 1128 5b.
954 1096 1043 1128 Fusa
1068 1104 1167 1136 super
1192 1096 1285 1128 silice

301 1143 416 1175 Fontis
444 1143 485 1176 ad
510 1141 642 1182 fluenta,
1004 1143 1175 1185 Sanguinis
1201 1144 1301 1176 litura

253 1190 318 1225 Ubi
344 1192 450 1231 possit
474 1191 564 1223 ablui
952 1191 1068 1224 Findit
1092 1192 1176 1224 hanc
1201 1191 1338 1225 mirifice

301 1239 333 1272 A
360 1239 460 1272 caede
484 1242 628 1273 cruenta.
1003 1239 1115 1272 Crucis
1141 1240 1175 1271 in
1199 1239 1313 1281 figura.

166 1300 225 1332 ea.
250 1297 326 1330 Eoo
350 1297 515 1338 signorum
538 1296 656 1338 jubare
869 1296 930 1331 eb.
955 1298 1007 1329 Ao
1030 1297 1125 1330 nobis
1151 1298 1309 1330 accedere

301 1345 402 1378 Fides
429 1349 479 1378 est
503 1345 641 1386 firmata,
1002 1345 1109 1378 Datur
1133 1354 1194 1385 per
1219 1346 1299 1378 haec
1325 1347 1398 1386 tria,

253 1396 370 1429 Castra
395 1395 500 1435 gentis
527 1393 687 1427 barbarae
955 1394 990 1427 Si
1016 1394 1115 1426 corde
1140 1396 1173 1425 et
1198 1403 1297 1434 opere

302 1443 420 1475 Procul
446 1442 594 1484 effugata.
1003 1443 1100 1475 Vocis
1126 1443 1320 1483 symphonia

664 1502 694 1534 7.
722 1500 849 1535 Jubilet
873 1499 1026 1540 Alleluja.

245 1568 331 1596 Miss.
359 1576 413 1595 ms.
442 1566 472 1595 S.
501 1567 632 1603 Remigii
659 1575 737 1595 saec.
769 1565 815 1596 13.
844 1566 915 1595 Cod.
945 1567 1082 1595 Remens.
1112 1563 1175 1594 122.
1206 1567 1272 1594 add.
1300 1576 1378 1596 saec..
1406 1567 1451 1596 14.
1479 1585 1517 1589 —

172 1604 229 1642 3b,
252 1605 270 1634 2
291 1607 356 1634 acie
378 1606 454 1634 fehlt
472 1606 528 1634 Hs.

576 1689 636 1722 371.
677 1691 722 1722 De
742 1698 766 1722 s.
789 1689 933 1722 oswaldo
955 1689 1120 1732 Episcopo.

657 1763 688 1795 1.
715 1762 845 1795 Laudes
871 1761 942 1802 regi

715 1810 844 1843 Christo
867 1809 1029 1849 jucundas

171 1871 230 1903 Za.
258 1870 370 1902 Aurea
396 1869 479 1902 coeli
875 1867 935 1900 2b.
959 1867 1065 1900 Natus
1093 1869 1133 1901 de
1158 1872 1262 1901 matre

257 1920 366 1952 castra
390 1917 540 1950 victricia
960 1917 1086 1957 virgine
1111 1916 1210 1957 regia,

257 1966 308 2000 bis
334 1966 412 1999 bina
437 1966 525 1999 orbis
961 1965 1002 1997 de
1026 1965 1165 1998 Davidis
1191 1966 1295 2006 stirpe

258 2015 370 2049 dicant
394 2024 456 2056 per
483 2016 623 2047 climata.
960 2014 1049 2046 edita
1072 2014 1190 2051 Maria,

169 2075 228 2108 3a.
254 2073 396 2107 Mortem
424 2076 530 2106 morte
555 2074 608 2114 qui
635 2082 694 2105 sua
875 2070 933 2105 312.
958 2072 1098 2105 Levavit
1123 2075 1156 2103 et
1180 2071 1336 2105 barathro

254 2127 366 2156 stauro
392 2123 539 2162 pendens
957 2121 1053 2153 Adae
1078 2130 1209 2162 germen

255 2172 361 2205 victor
385 2171 573 2211 perimerat,
961 2170 1057 2202 sedes
1082 2170 1116 2202 in
1141 2178 1287 2210 superas

168 2232 226 2265 42..
256 2230 355 2270 Cujus
381 2238 515 2264 munere
873 2227 934 2263 4b.
959 2228 1224 2269 Archipraesulis

253 2287 354 2313 aurea
379 2278 491 2312 sidera
958 2277 1067 2309 anima
1093 2277 1235 2311 Oswaldi

252 2329 341 2361 intra
366 2327 516 2368 angelica
957 2325 1081 2358 albicat
1104 2326 1228 2359 inolita.

167 2390 227 2423 5a.
256 2388 325 2428 Quo
352 2389 490 2420 vernant
516 2386 599 2418 mira
623 2384 683 2418 illa
873 2384 933 2418 5b.
959 2384 1132 2417 Cherubim
1159 2394 1242 2425 quae
1266 2385 1419 2419 <licuntur

256 2436 345 2470 celsa
370 2435 509 2477 agmina,
958 2436 1055 2476 atque
1081 2434 1263 2475 Seraphim,
