<?xml version="1.0" encoding="UTF-8"?>
<!DOCTYPE html PUBLIC "-//W3C//DTD XHTML 1.0 Transitional//EN"
    "http://www.w3.org/TR/xhtml1/DTD/xhtml1-transitional.dtd">
<html xmlns="http://www.w3.org/1999/xhtml" xml:lang="en" lang="en">
 <head>
  <title>
</title>
<meta http-equiv="Content-Type" content="text/html;charset=utf-8" />
  <meta name='ocr-system' content='tesseract 3.04.00' />
  <meta name='ocr-capabilities' content='ocr_page ocr_carea ocr_par ocr_line ocrx_word'/>
</head>
<body>
  <div class='ocr_page' id='page_1' title='image "./analectahymnica10drevuoft_00316.png"; bbox 0 0 1652 2678; ppageno 0'>
   <div class='ocr_carea' id='block_1_1' title="bbox 729 118 995 155">
    <p class='ocr_par' dir='ltr' id='par_1_1' title="bbox 729 118 995 155">
     <span class='ocr_line' id='line_1_1' title="bbox 729 118 995 155; baseline 0 0"><span class='ocrx_word' id='word_1_1' title='bbox 729 118 995 155; x_wconf 81' lang='lat'><strong>—313—</strong></span> 
     </span>
    </p>
   </div>
   <div class='ocr_carea' id='block_1_2' title="bbox 181 216 1530 1649">
    <p class='ocr_par' dir='ltr' id='par_1_2' title="bbox 181 216 1530 1649">
     <span class='ocr_line' id='line_1_2' title="bbox 206 216 1470 260; baseline -0.001 -10"><span class='ocrx_word' id='word_1_2' title='bbox 206 216 272 250; x_wconf 62' lang='lat' dir='ltr'>ssa.</span> <span class='ocrx_word' id='word_1_3' title='bbox 300 216 421 251; x_wconf 83' lang='lat' dir='ltr'>Servus</span> <span class='ocrx_word' id='word_1_4' title='bbox 446 216 511 249; x_wconf 91' lang='lat' dir='ltr'>Dei</span> <span class='ocrx_word' id='word_1_5' title='bbox 535 219 601 249; x_wconf 89' lang='lat' dir='ltr'>stat</span> <span class='ocrx_word' id='word_1_6' title='bbox 628 226 700 250; x_wconf 90' lang='lat' dir='ltr'>cum</span> <span class='ocrx_word' id='word_1_7' title='bbox 724 217 800 259; x_wconf 82' lang='lat' dir='ltr'>reiS‚</span> <span class='ocrx_word' id='word_1_8' title='bbox 918 218 979 253; x_wconf 87' lang='lat' dir='ltr'>3b.</span> <span class='ocrx_word' id='word_1_9' title='bbox 1002 219 1167 260; x_wconf 89' lang='lat' dir='ltr'>Sepelitur</span> <span class='ocrx_word' id='word_1_10' title='bbox 1189 220 1315 259; x_wconf 77' lang='lat' dir='ltr'>martyr</span> <span class='ocrx_word' id='word_1_11' title='bbox 1340 221 1470 251; x_wconf 85' lang='lat' dir='ltr'>sanctus</span> 
     </span>
     <span class='ocr_line' id='line_1_3' title="bbox 300 265 1530 308; baseline -0.001 -9"><span class='ocrx_word' id='word_1_12' title='bbox 300 265 405 299; x_wconf 89' lang='lat' dir='ltr'>Orans</span> <span class='ocrx_word' id='word_1_13' title='bbox 428 265 593 299; x_wconf 81' lang='lat' dir='ltr'>Christum</span> <span class='ocrx_word' id='word_1_14' title='bbox 618 276 679 307; x_wconf 90' lang='lat' dir='ltr'>pro</span> <span class='ocrx_word' id='word_1_15' title='bbox 696 266 832 301; x_wconf 62' lang='lat' dir='ltr'>‚Iudaeis</span> <span class='ocrx_word' id='word_1_16' title='bbox 999 267 1045 299; x_wconf 88' lang='lat' dir='ltr'>Et</span> <span class='ocrx_word' id='word_1_17' title='bbox 1059 269 1244 300; x_wconf 88' lang='lat' dir='ltr'>sanctorum</span> <span class='ocrx_word' id='word_1_18' title='bbox 1257 266 1365 308; x_wconf 86' lang='lat' dir='ltr'>gravis</span> <span class='ocrx_word' id='word_1_19' title='bbox 1380 267 1530 307; x_wconf 87' lang='lat' dir='ltr'>planctus</span> 
     </span>
     <span class='ocr_line' id='line_1_4' title="bbox 347 312 1460 356; baseline 0.002 -9"><span class='ocrx_word' id='word_1_20' title='bbox 347 314 388 347; x_wconf 90' lang='lat' dir='ltr'>In</span> <span class='ocrx_word' id='word_1_21' title='bbox 413 322 496 355; x_wconf 88' lang='lat' dir='ltr'>pace</span> <span class='ocrx_word' id='word_1_22' title='bbox 519 312 717 356; x_wconf 78' lang='lat' dir='ltr'><strong>defungitur,</strong></span> <span class='ocrx_word' id='word_1_23' title='bbox 1050 314 1219 356; x_wconf 85' lang='lat' dir='ltr'>Sepultum</span> <span class='ocrx_word' id='word_1_24' title='bbox 1243 315 1460 355; x_wconf 83' lang='lat' dir='ltr'>prosequitur.</span> 
     </span>
     <span class='ocr_line' id='line_1_5' title="bbox 213 375 1475 418; baseline -0.002 -8"><span class='ocrx_word' id='word_1_25' title='bbox 213 376 274 410; x_wconf 84' lang='lat' dir='ltr'>4a.</span> <span class='ocrx_word' id='word_1_26' title='bbox 299 376 382 409; x_wconf 91' lang='lat' dir='ltr'>Post</span> <span class='ocrx_word' id='word_1_27' title='bbox 398 385 555 409; x_wconf 88' lang='lat' dir='ltr'>annorum</span> <span class='ocrx_word' id='word_1_28' title='bbox 568 377 696 418; x_wconf 86' lang='lat' dir='ltr'>longam</span> <span class='ocrx_word' id='word_1_29' title='bbox 709 386 832 410; x_wconf 85' lang='lat' dir='ltr'>moram</span> <span class='ocrx_word' id='word_1_30' title='bbox 916 377 978 412; x_wconf 83' lang='lat' dir='ltr'>4b.</span> <span class='ocrx_word' id='word_1_31' title='bbox 1001 378 1124 411; x_wconf 82' lang='lat' dir='ltr'>Terrae</span> <span class='ocrx_word' id='word_1_32' title='bbox 1148 375 1254 409; x_wconf 84' lang='lat' dir='ltr'>fossor</span> <span class='ocrx_word' id='word_1_33' title='bbox 1278 376 1475 417; x_wconf 83' lang='lat' dir='ltr'>applicatur,</span> 
     </span>
     <span class='ocr_line' id='line_1_6' title="bbox 299 425 1408 466; baseline -0.002 -8"><span class='ocrx_word' id='word_1_34' title='bbox 299 425 524 466; x_wconf 81' lang='lat' dir='ltr'>opportunam</span> <span class='ocrx_word' id='word_1_35' title='bbox 547 428 661 458; x_wconf 87' lang='lat' dir='ltr'>nactus</span> <span class='ocrx_word' id='word_1_36' title='bbox 686 426 800 458; x_wconf 89' lang='lat' dir='ltr'>horam</span> <span class='ocrx_word' id='word_1_37' title='bbox 1000 427 1227 466; x_wconf 84' lang='lat' dir='ltr'>Protomartyr</span> <span class='ocrx_word' id='word_1_38' title='bbox 1252 425 1408 465; x_wconf 89' lang='lat' dir='ltr'>elevatur,</span> 
     </span>
     <span class='ocr_line' id='line_1_7' title="bbox 297 473 1425 514; baseline -0.002 -7"><span class='ocrx_word' id='word_1_39' title='bbox 297 473 463 507; x_wconf 86' lang='lat' dir='ltr'>Lucianus</span> <span class='ocrx_word' id='word_1_40' title='bbox 488 476 600 506; x_wconf 86' lang='lat' dir='ltr'>sancto</span> <span class='ocrx_word' id='word_1_41' title='bbox 627 482 736 506; x_wconf 88' lang='lat' dir='ltr'>coram</span> <span class='ocrx_word' id='word_1_42' title='bbox 1001 475 1179 514; x_wconf 84' lang='lat' dir='ltr'>Utriusque</span> <span class='ocrx_word' id='word_1_43' title='bbox 1205 482 1260 506; x_wconf 88' lang='lat' dir='ltr'>cor</span> <span class='ocrx_word' id='word_1_44' title='bbox 1283 473 1425 506; x_wconf 83' lang='lat' dir='ltr'>laetatur</span> 
     </span>
     <span class='ocr_line' id='line_1_8' title="bbox 347 521 1423 563; baseline -0.002 -8"><span class='ocrx_word' id='word_1_45' title='bbox 347 521 496 555; x_wconf 84' lang='lat' dir='ltr'>Johanne</span> <span class='ocrx_word' id='word_1_46' title='bbox 521 522 725 563; x_wconf 80' lang='lat' dir='ltr'>presbytero,</span> <span class='ocrx_word' id='word_1_47' title='bbox 1050 522 1260 556; x_wconf 86' lang='lat' dir='ltr'>Calathorum</span> <span class='ocrx_word' id='word_1_48' title='bbox 1280 530 1423 553; x_wconf 90' lang='lat' dir='ltr'>numero.</span> 
     </span>
     <span class='ocr_line' id='line_1_9' title="bbox 216 583 1439 626; baseline -0.002 -8"><span class='ocrx_word' id='word_1_49' title='bbox 216 584 274 620; x_wconf 86' lang='lat' dir='ltr'>5a.</span> <span class='ocrx_word' id='word_1_50' title='bbox 301 584 394 618; x_wconf 86' lang='lat' dir='ltr'>Nutu</span> <span class='ocrx_word' id='word_1_51' title='bbox 418 583 482 617; x_wconf 89' lang='lat' dir='ltr'>Dei</span> <span class='ocrx_word' id='word_1_52' title='bbox 506 586 713 625; x_wconf 85' lang='lat' dir='ltr'>procurantis</span> <span class='ocrx_word' id='word_1_53' title='bbox 918 585 978 620; x_wconf 85' lang='lat' dir='ltr'>5b.</span> <span class='ocrx_word' id='word_1_54' title='bbox 1001 585 1067 618; x_wconf 91' lang='lat' dir='ltr'>Hic</span> <span class='ocrx_word' id='word_1_55' title='bbox 1091 583 1232 618; x_wconf 87' lang='lat' dir='ltr'>obsessis</span> <span class='ocrx_word' id='word_1_56' title='bbox 1257 584 1439 626; x_wconf 87' lang='lat' dir='ltr'>miseretur,</span> 
     </span>
     <span class='ocr_line' id='line_1_10' title="bbox 301 630 1455 674; baseline -0.003 -7"><span class='ocrx_word' id='word_1_57' title='bbox 301 633 427 674; x_wconf 87' lang='lat' dir='ltr'>Corpus</span> <span class='ocrx_word' id='word_1_58' title='bbox 451 633 556 665; x_wconf 87' lang='lat' dir='ltr'>sancti</span> <span class='ocrx_word' id='word_1_59' title='bbox 578 633 647 673; x_wconf 88' lang='lat' dir='ltr'>jam</span> <span class='ocrx_word' id='word_1_60' title='bbox 666 632 832 674; x_wconf 88' lang='lat' dir='ltr'>regnantis</span> <span class='ocrx_word' id='word_1_61' title='bbox 1000 633 1115 667; x_wconf 90' lang='lat' dir='ltr'>Donec</span> <span class='ocrx_word' id='word_1_62' title='bbox 1138 632 1225 664; x_wconf 86' lang='lat' dir='ltr'>salus</span> <span class='ocrx_word' id='word_1_63' title='bbox 1250 630 1455 673; x_wconf 80' lang='lat' dir='ltr'>reformetur,</span> 
     </span>
     <span class='ocr_line' id='line_1_11' title="bbox 302 679 1466 721; baseline -0.003 -6"><span class='ocrx_word' id='word_1_64' title='bbox 302 681 445 715; x_wconf 83' lang='lat' dir='ltr'>Graecos</span> <span class='ocrx_word' id='word_1_65' title='bbox 471 681 540 714; x_wconf 88' lang='lat' dir='ltr'>adit</span> <span class='ocrx_word' id='word_1_66' title='bbox 566 680 753 714; x_wconf 85' lang='lat' dir='ltr'>famulantis</span> <span class='ocrx_word' id='word_1_67' title='bbox 1002 681 1126 714; x_wconf 90' lang='lat' dir='ltr'>Febres</span> <span class='ocrx_word' id='word_1_68' title='bbox 1152 679 1236 721; x_wconf 82' lang='lat' dir='ltr'>fugit</span> <span class='ocrx_word' id='word_1_69' title='bbox 1261 682 1294 712; x_wconf 87' lang='lat' dir='ltr'>et</span> <span class='ocrx_word' id='word_1_70' title='bbox 1317 680 1466 713; x_wconf 87' lang='lat' dir='ltr'>medetur</span> 
     </span>
     <span class='ocr_line' id='line_1_12' title="bbox 346 729 1409 771; baseline 0 -8"><span class='ocrx_word' id='word_1_71' title='bbox 346 730 476 763; x_wconf 87' lang='lat' dir='ltr'>Viduae</span> <span class='ocrx_word' id='word_1_72' title='bbox 501 729 661 764; x_wconf 86' lang='lat' dir='ltr'>vehiculo,</span> <span class='ocrx_word' id='word_1_73' title='bbox 1048 729 1252 771; x_wconf 88' lang='lat' dir='ltr'>Supplicanti</span> <span class='ocrx_word' id='word_1_74' title='bbox 1277 729 1409 769; x_wconf 88' lang='lat' dir='ltr'>populo.</span> 
     </span>
     <span class='ocr_line' id='line_1_13' title="bbox 207 791 1503 833; baseline -0.003 -7"><span class='ocrx_word' id='word_1_75' title='bbox 207 793 236 826; x_wconf 89' lang='grc'>-6</span> <span class='ocrx_word' id='word_1_76' title='bbox 246 802 276 825; x_wconf 93' lang='lat' dir='ltr'>a.</span> <span class='ocrx_word' id='word_1_77' title='bbox 303 793 329 826; x_wconf 95' lang='lat' dir='ltr'>O</span> <span class='ocrx_word' id='word_1_78' title='bbox 355 801 408 824; x_wconf 88' lang='lat' dir='ltr'>res</span> <span class='ocrx_word' id='word_1_79' title='bbox 436 791 534 832; x_wconf 85' lang='lat' dir='ltr'>digna</span> <span class='ocrx_word' id='word_1_80' title='bbox 559 791 754 832; x_wconf 88' lang='lat' dir='ltr'>praedicari,</span> <span class='ocrx_word' id='word_1_81' title='bbox 917 792 978 827; x_wconf 87' lang='lat' dir='ltr'>6b.</span> <span class='ocrx_word' id='word_1_82' title='bbox 1002 792 1066 825; x_wconf 88' lang='lat' dir='ltr'>Hic</span> <span class='ocrx_word' id='word_1_83' title='bbox 1092 794 1142 824; x_wconf 89' lang='lat' dir='ltr'>est</span> <span class='ocrx_word' id='word_1_84' title='bbox 1165 791 1275 823; x_wconf 88' lang='lat' dir='ltr'>multis</span> <span class='ocrx_word' id='word_1_85' title='bbox 1301 791 1389 823; x_wconf 88' lang='lat' dir='ltr'>salus</span> <span class='ocrx_word' id='word_1_86' title='bbox 1417 791 1503 833; x_wconf 84' lang='lat' dir='ltr'>data,</span> 
     </span>
     <span class='ocr_line' id='line_1_14' title="bbox 299 839 1440 881; baseline -0.003 -7"><span class='ocrx_word' id='word_1_87' title='bbox 299 841 392 881; x_wconf 81' lang='lat' dir='ltr'>Quod</span> <span class='ocrx_word' id='word_1_88' title='bbox 416 849 479 881; x_wconf 86' lang='lat' dir='ltr'>par</span> <span class='ocrx_word' id='word_1_89' title='bbox 504 849 561 872; x_wconf 92' lang='lat' dir='ltr'>suo</span> <span class='ocrx_word' id='word_1_90' title='bbox 588 840 676 872; x_wconf 83' lang='lat' dir='ltr'>cedit</span> <span class='ocrx_word' id='word_1_91' title='bbox 701 839 774 881; x_wconf 87' lang='lat' dir='ltr'>pari</span> <span class='ocrx_word' id='word_1_92' title='bbox 999 840 1064 873; x_wconf 88' lang='lat' dir='ltr'>Hic</span> <span class='ocrx_word' id='word_1_93' title='bbox 1089 839 1129 872; x_wconf 90' lang='lat' dir='ltr'>ab</span> <span class='ocrx_word' id='word_1_94' title='bbox 1155 840 1228 880; x_wconf 87' lang='lat' dir='ltr'>ipsa</span> <span class='ocrx_word' id='word_1_95' title='bbox 1252 839 1338 880; x_wconf 87' lang='lat' dir='ltr'>regis</span> <span class='ocrx_word' id='word_1_96' title='bbox 1363 842 1440 871; x_wconf 84' lang='lat' dir='ltr'>nata</span> 
     </span>
     <span class='ocr_line' id='line_1_15' title="bbox 298 888 1357 930; baseline -0.003 -8"><span class='ocrx_word' id='word_1_97' title='bbox 298 888 346 922; x_wconf 67' lang='lat' dir='ltr'>Et</span> <span class='ocrx_word' id='word_1_98' title='bbox 369 890 506 930; x_wconf 84' lang='lat' dir='ltr'>augusto</span> <span class='ocrx_word' id='word_1_99' title='bbox 530 890 662 920; x_wconf 79' lang='lat' dir='ltr'>sanctus</span> <span class='ocrx_word' id='word_1_100' title='bbox 686 889 750 921; x_wconf 80' lang='lat' dir='ltr'>lari</span> <span class='ocrx_word' id='word_1_101' title='bbox 1001 888 1150 921; x_wconf 79' lang='lat' dir='ltr'>Sanitate</span> <span class='ocrx_word' id='word_1_102' title='bbox 1172 889 1357 919; x_wconf 81' lang='lat' dir='ltr'>restaurata</span> 
     </span>
     <span class='ocr_line' id='line_1_16' title="bbox 350 935 1427 977; baseline 0.001 -8"><span class='ocrx_word' id='word_1_103' title='bbox 350 937 469 970; x_wconf 87' lang='lat' dir='ltr'>Sancto</span> <span class='ocrx_word' id='word_1_104' title='bbox 496 936 554 969; x_wconf 91' lang='lat' dir='ltr'>dat</span> <span class='ocrx_word' id='word_1_105' title='bbox 577 937 761 977; x_wconf 84' lang='lat' dir='ltr'>hospitium.</span> <span class='ocrx_word' id='word_1_106' title='bbox 1049 935 1187 969; x_wconf 83' lang='lat' dir='ltr'>Pellitur</span> <span class='ocrx_word' id='word_1_107' title='bbox 1213 935 1427 970; x_wconf 89' lang='lat' dir='ltr'>daemonium.</span> 
     </span>
     <span class='ocr_line' id='line_1_17' title="bbox 216 997 1355 1042; baseline -0.004 -8"><span class='ocrx_word' id='word_1_108' title='bbox 216 1001 274 1035; x_wconf 84' lang='lat' dir='ltr'>7a.</span> <span class='ocrx_word' id='word_1_109' title='bbox 301 1000 416 1033; x_wconf 87' lang='lat' dir='ltr'>Abbas</span> <span class='ocrx_word' id='word_1_110' title='bbox 441 998 552 1032; x_wconf 89' lang='lat' dir='ltr'>fundit</span> <span class='ocrx_word' id='word_1_111' title='bbox 576 998 676 1032; x_wconf 81' lang='lat' dir='ltr'>fontis</span> <span class='ocrx_word' id='word_1_112' title='bbox 701 1007 818 1042; x_wconf 87' lang='lat' dir='ltr'>rorem,</span> <span class='ocrx_word' id='word_1_113' title='bbox 918 1000 977 1035; x_wconf 84' lang='lat' dir='ltr'>7b.</span> <span class='ocrx_word' id='word_1_114' title='bbox 1003 999 1087 1032; x_wconf 88' lang='lat' dir='ltr'>Casu</span> <span class='ocrx_word' id='word_1_115' title='bbox 1112 997 1172 1031; x_wconf 84' lang='lat' dir='ltr'>fati</span> <span class='ocrx_word' id='word_1_116' title='bbox 1197 998 1355 1030; x_wconf 86' lang='lat' dir='ltr'>naturalis</span> 
     </span>
     <span class='ocr_line' id='line_1_18' title="bbox 300 1046 1432 1090; baseline -0.004 -8"><span class='ocrx_word' id='word_1_117' title='bbox 300 1049 427 1090; x_wconf 89' lang='lat' dir='ltr'>Corpus</span> <span class='ocrx_word' id='word_1_118' title='bbox 453 1056 530 1079; x_wconf 91' lang='lat' dir='ltr'>vero</span> <span class='ocrx_word' id='word_1_119' title='bbox 557 1050 670 1080; x_wconf 84' lang='lat' dir='ltr'>contra</span> <span class='ocrx_word' id='word_1_120' title='bbox 693 1055 816 1080; x_wconf 89' lang='lat' dir='ltr'>morem</span> <span class='ocrx_word' id='word_1_121' title='bbox 999 1048 1136 1081; x_wconf 85' lang='lat' dir='ltr'>Flamen</span> <span class='ocrx_word' id='word_1_122' title='bbox 1162 1049 1260 1087; x_wconf 83' lang='lat' dir='ltr'>atque</span> <span class='ocrx_word' id='word_1_123' title='bbox 1284 1046 1432 1078; x_wconf 88' lang='lat' dir='ltr'>monialis</span> 
     </span>
     <span class='ocr_line' id='line_1_19' title="bbox 297 1094 1478 1136; baseline -0.003 -6"><span class='ocrx_word' id='word_1_124' title='bbox 297 1095 490 1130; x_wconf 86' lang='lat' dir='ltr'>Infundenti</span> <span class='ocrx_word' id='word_1_125' title='bbox 517 1096 574 1128; x_wconf 89' lang='lat' dir='ltr'>dat</span> <span class='ocrx_word' id='word_1_126' title='bbox 599 1105 746 1128; x_wconf 87' lang='lat' dir='ltr'>cruorem</span> <span class='ocrx_word' id='word_1_127' title='bbox 998 1095 1238 1136; x_wconf 83' lang='lat' dir='ltr'>Defunguntur‚</span> <span class='ocrx_word' id='word_1_128' title='bbox 1266 1103 1346 1134; x_wconf 88' lang='lat' dir='ltr'>quos</span> <span class='ocrx_word' id='word_1_129' title='bbox 1371 1094 1478 1127; x_wconf 87' lang='lat' dir='ltr'>letalis</span> 
     </span>
     <span class='ocr_line' id='line_1_20' title="bbox 349 1142 1366 1185; baseline -0.004 -7"><span class='ocrx_word' id='word_1_130' title='bbox 349 1145 555 1178; x_wconf 88' lang='lat' dir='ltr'>Rubescente</span> <span class='ocrx_word' id='word_1_131' title='bbox 577 1144 723 1185; x_wconf 81' lang='lat' dir='ltr'>spongia.</span> <span class='ocrx_word' id='word_1_132' title='bbox 1046 1143 1227 1177; x_wconf 85' lang='lat' dir='ltr'>Revocavit</span> <span class='ocrx_word' id='word_1_133' title='bbox 1251 1142 1366 1183; x_wconf 87' lang='lat' dir='ltr'>gratia.</span> 
     </span>
     <span class='ocr_line' id='line_1_21' title="bbox 215 1200 1465 1241; baseline -0.004 -5"><span class='ocrx_word' id='word_1_134' title='bbox 215 1203 273 1237; x_wconf 82' lang='lat' dir='ltr'>Sa.</span> <span class='ocrx_word' id='word_1_135' title='bbox 300 1203 362 1236; x_wconf 87' lang='lat' dir='ltr'>His</span> <span class='ocrx_word' id='word_1_136' title='bbox 389 1205 422 1235; x_wconf 87' lang='lat' dir='ltr'>et</span> <span class='ocrx_word' id='word_1_137' title='bbox 446 1201 551 1234; x_wconf 90' lang='lat' dir='ltr'>modis</span> <span class='ocrx_word' id='word_1_138' title='bbox 576 1200 713 1234; x_wconf 88' lang='lat' dir='ltr'>infinitis</span> <span class='ocrx_word' id='word_1_139' title='bbox 916 1202 975 1237; x_wconf 88' lang='lat' dir='ltr'>8b.</span> <span class='ocrx_word' id='word_1_140' title='bbox 999 1200 1166 1236; x_wconf 80' lang='lat' dir='ltr'>claritatis</span> <span class='ocrx_word' id='word_1_141' title='bbox 1191 1200 1233 1232; x_wconf 89' lang='lat' dir='ltr'>ad</span> <span class='ocrx_word' id='word_1_142' title='bbox 1259 1202 1465 1241; x_wconf 87' lang='lat' dir='ltr'>augmentum</span> 
     </span>
     <span class='ocr_line' id='line_1_22' title="bbox 298 1250 1528 1290; baseline -0.004 -6"><span class='ocrx_word' id='word_1_143' title='bbox 298 1251 410 1284; x_wconf 84' lang='lat' dir='ltr'>Verax</span> <span class='ocrx_word' id='word_1_144' title='bbox 434 1250 559 1290; x_wconf 88' lang='lat' dir='ltr'>palmes</span> <span class='ocrx_word' id='word_1_145' title='bbox 584 1258 682 1283; x_wconf 88' lang='lat' dir='ltr'>verae</span> <span class='ocrx_word' id='word_1_146' title='bbox 707 1250 783 1283; x_wconf 84' lang='lat' dir='ltr'>vitis</span> <span class='ocrx_word' id='word_1_147' title='bbox 1001 1250 1528 1288; x_wconf 83' lang='lat' dir='ltr'>Christumproseprosequentum</span> 
     </span>
     <span class='ocr_line' id='line_1_23' title="bbox 347 1296 1335 1339; baseline -0.003 -7"><span class='ocrx_word' id='word_1_148' title='bbox 347 1298 473 1334; x_wconf 88' lang='lat' dir='ltr'>Claruit</span> <span class='ocrx_word' id='word_1_149' title='bbox 496 1298 673 1339; x_wconf 84' lang='lat' dir='ltr'>miraculis,</span> <span class='ocrx_word' id='word_1_150' title='bbox 1049 1296 1163 1331; x_wconf 87' lang='lat' dir='ltr'>Oravit</span> <span class='ocrx_word' id='word_1_151' title='bbox 1186 1296 1335 1337; x_wconf 84' lang='lat' dir='ltr'>piaculis.</span> 
     </span>
     <span class='ocr_line' id='line_1_24' title="bbox 212 1353 1462 1399; baseline -0.005 -8"><span class='ocrx_word' id='word_1_152' title='bbox 212 1359 272 1392; x_wconf 79' lang='lat' dir='ltr'>9a.</span> <span class='ocrx_word' id='word_1_153' title='bbox 298 1358 397 1399; x_wconf 85' lang='lat' dir='ltr'>Ergo,</span> <span class='ocrx_word' id='word_1_154' title='bbox 425 1359 651 1398; x_wconf 86' lang='lat' dir='ltr'>protomartyr</span> <span class='ocrx_word' id='word_1_155' title='bbox 677 1356 810 1397; x_wconf 87' lang='lat' dir='ltr'>Christi,</span> <span class='ocrx_word' id='word_1_156' title='bbox 915 1355 976 1390; x_wconf 78' lang='lat'>91).</span> <span class='ocrx_word' id='word_1_157' title='bbox 997 1356 1055 1388; x_wconf 84' lang='lat' dir='ltr'>Nil</span> <span class='ocrx_word' id='word_1_158' title='bbox 1081 1363 1191 1388; x_wconf 88' lang='lat' dir='ltr'>eorum</span> <span class='ocrx_word' id='word_1_159' title='bbox 1216 1354 1333 1386; x_wconf 89' lang='lat' dir='ltr'>timens</span> <span class='ocrx_word' id='word_1_160' title='bbox 1358 1353 1462 1386; x_wconf 89' lang='lat' dir='ltr'>minas</span> 
     </span>
     <span class='ocr_line' id='line_1_25' title="bbox 297 1402 1506 1447; baseline -0.005 -9"><span class='ocrx_word' id='word_1_161' title='bbox 297 1407 359 1447; x_wconf 78' lang='lat' dir='ltr'>Qui</span> <span class='ocrx_word' id='word_1_162' title='bbox 384 1414 444 1447; x_wconf 88' lang='lat' dir='ltr'>pro</span> <span class='ocrx_word' id='word_1_163' title='bbox 471 1405 600 1438; x_wconf 88' lang='lat' dir='ltr'>Christo</span> <span class='ocrx_word' id='word_1_164' title='bbox 625 1407 659 1436; x_wconf 83' lang='lat' dir='ltr'>te</span> <span class='ocrx_word' id='word_1_165' title='bbox 685 1404 806 1438; x_wconf 82' lang='lat' dir='ltr'>dedisti</span> <span class='ocrx_word' id='word_1_166' title='bbox 999 1404 1095 1437; x_wconf 83' lang='lat' dir='ltr'>Stans</span> <span class='ocrx_word' id='word_1_167' title='bbox 1121 1402 1261 1435; x_wconf 84' lang='lat' dir='ltr'>invictus</span> <span class='ocrx_word' id='word_1_168' title='bbox 1288 1404 1320 1434; x_wconf 89' lang='lat' dir='ltr'>et</span> <span class='ocrx_word' id='word_1_169' title='bbox 1344 1402 1506 1435; x_wconf 90' lang='lat' dir='ltr'>reclinans</span> 
     </span>
     <span class='ocr_line' id='line_1_26' title="bbox 346 1450 1421 1494; baseline -0.005 -7"><span class='ocrx_word' id='word_1_170' title='bbox 346 1454 547 1488; x_wconf 79' lang='lat' dir='ltr'>Judaeomm</span> <span class='ocrx_word' id='word_1_171' title='bbox 571 1453 701 1494; x_wconf 89' lang='lat' dir='ltr'>ictibus,</span> <span class='ocrx_word' id='word_1_172' title='bbox 1047 1451 1214 1487; x_wconf 77' lang='lat' dir='ltr'>cervicem</span> <span class='ocrx_word' id='word_1_173' title='bbox 1237 1450 1421 1491; x_wconf 85' lang='lat' dir='ltr'>1apidibus;</span> 
     </span>
     <span class='ocr_line' id='line_1_27' title="bbox 181 1508 1417 1552; baseline -0.005 -6"><span class='ocrx_word' id='word_1_174' title='bbox 181 1512 270 1548; x_wconf 73' lang='lat' dir='ltr'>lca.</span> <span class='ocrx_word' id='word_1_175' title='bbox 297 1512 388 1546; x_wconf 87' lang='lat' dir='ltr'>Fave</span> <span class='ocrx_word' id='word_1_176' title='bbox 413 1511 507 1545; x_wconf 91' lang='lat' dir='ltr'>nobis</span> <span class='ocrx_word' id='word_1_177' title='bbox 534 1514 567 1543; x_wconf 90' lang='lat' dir='ltr'>et</span> <span class='ocrx_word' id='word_1_178' title='bbox 592 1520 737 1552; x_wconf 84' lang='lat' dir='ltr'>succure,</span> <span class='ocrx_word' id='word_1_179' title='bbox 890 1511 973 1545; x_wconf 86' lang='lat' dir='ltr'>lOb.</span> <span class='ocrx_word' id='word_1_180' title='bbox 995 1511 1042 1543; x_wconf 84' lang='lat' dir='ltr'>Et</span> <span class='ocrx_word' id='word_1_181' title='bbox 1066 1520 1085 1543; x_wconf 88' lang='lat' dir='ltr'>a</span> <span class='ocrx_word' id='word_1_182' title='bbox 1111 1517 1235 1542; x_wconf 83' lang='lat' dir='ltr'>summo</span> <span class='ocrx_word' id='word_1_183' title='bbox 1259 1508 1417 1549; x_wconf 85' lang='lat' dir='ltr'>largitore</span> 
     </span>
     <span class='ocr_line' id='line_1_28' title="bbox 296 1556 1530 1601; baseline -0.005 -8"><span class='ocrx_word' id='word_1_184' title='bbox 296 1561 344 1595; x_wconf 91' lang='lat' dir='ltr'>Ut</span> <span class='ocrx_word' id='word_1_185' title='bbox 367 1561 401 1594; x_wconf 89' lang='lat' dir='ltr'>in</span> <span class='ocrx_word' id='word_1_186' title='bbox 425 1569 550 1592; x_wconf 86' lang='lat' dir='ltr'>summa</span> <span class='ocrx_word' id='word_1_187' title='bbox 573 1560 644 1601; x_wconf 86' lang='lat' dir='ltr'>spei</span> <span class='ocrx_word' id='word_1_188' title='bbox 669 1562 761 1592; x_wconf 88' lang='lat' dir='ltr'>turre</span> <span class='ocrx_word' id='word_1_189' title='bbox 995 1559 1052 1592; x_wconf 85' lang='lat' dir='ltr'>Ad</span> <span class='ocrx_word' id='word_1_190' title='bbox 1075 1560 1254 1591; x_wconf 85' lang='lat' dir='ltr'>extremum</span> <span class='ocrx_word' id='word_1_191' title='bbox 1279 1559 1406 1597; x_wconf 88' lang='lat' dir='ltr'>tempus</span> <span class='ocrx_word' id='word_1_192' title='bbox 1431 1556 1530 1589; x_wconf 85' lang='lat' dir='ltr'>horae</span> 
     </span>
     <span class='ocr_line' id='line_1_29' title="bbox 348 1605 1452 1649; baseline -0.002 -8"><span class='ocrx_word' id='word_1_193' title='bbox 348 1609 613 1649; x_wconf 89' lang='lat' dir='ltr'>Contemplemur</span> <span class='ocrx_word' id='word_1_194' title='bbox 637 1609 787 1649; x_wconf 85' lang='lat' dir='ltr'>patriam,</span> <span class='ocrx_word' id='word_1_195' title='bbox 1049 1607 1289 1647; x_wconf 84' lang='lat' dir='ltr'>Consequamur</span> <span class='ocrx_word' id='word_1_196' title='bbox 1313 1605 1452 1639; x_wconf 91' lang='lat' dir='ltr'>veniam.</span> 
     </span>
    </p>
   </div>
   <div class='ocr_carea' id='block_1_3' title="bbox 181 1689 1531 1885">
    <p class='ocr_par' dir='ltr' id='par_1_3' title="bbox 181 1689 1531 1885">
     <span class='ocr_line' id='line_1_30' title="bbox 266 1689 1530 1723; baseline -0.006 0"><span class='ocrx_word' id='word_1_197' title='bbox 266 1695 352 1723; x_wconf 85' lang='lat' dir='ltr'>Miss.</span> <span class='ocrx_word' id='word_1_198' title='bbox 373 1703 426 1722; x_wconf 80' lang='lat' dir='ltr'>ms,</span> <span class='ocrx_word' id='word_1_199' title='bbox 447 1693 692 1722; x_wconf 81' lang='lat' dir='ltr'>Praedicatorum</span> <span class='ocrx_word' id='word_1_200' title='bbox 704 1695 846 1723; x_wconf 86' lang='lat' dir='ltr'>Tolosan.</span> <span class='ocrx_word' id='word_1_201' title='bbox 868 1702 946 1722; x_wconf 87' lang='lat' dir='ltr'>saec.</span> <span class='ocrx_word' id='word_1_202' title='bbox 969 1691 1014 1721; x_wconf 87' lang='lat'>14.</span> <span class='ocrx_word' id='word_1_203' title='bbox 1029 1693 1101 1721; x_wconf 88' lang='lat' dir='ltr'>Cod.</span> <span class='ocrx_word' id='word_1_204' title='bbox 1115 1691 1257 1719; x_wconf 79' lang='lat' dir='ltr'>Tolosan.</span> <span class='ocrx_word' id='word_1_205' title='bbox 1278 1689 1326 1719; x_wconf 81' lang='lat'>95.</span> <span class='ocrx_word' id='word_1_206' title='bbox 1339 1691 1375 1719; x_wconf 88' lang='lat' dir='ltr'>A.</span> <span class='ocrx_word' id='word_1_207' title='bbox 1389 1705 1429 1709; x_wconf 90' lang='lat'>—</span> <span class='ocrx_word' id='word_1_208' title='bbox 1442 1691 1530 1718; x_wconf 74' lang='lat' dir='ltr'>Brov.</span> 
     </span>
     <span class='ocr_line' id='line_1_31' title="bbox 181 1728 1530 1769; baseline -0.004 -7"><span class='ocrx_word' id='word_1_209' title='bbox 181 1734 372 1762; x_wconf 77' lang='lat' dir='ltr'>‘Tolosanum</span> <span class='ocrx_word' id='word_1_210' title='bbox 392 1735 463 1769; x_wconf 89' lang='lat' dir='ltr'>imp.</span> <span class='ocrx_word' id='word_1_211' title='bbox 484 1732 612 1760; x_wconf 87' lang='lat' dir='ltr'>Parisiis</span> <span class='ocrx_word' id='word_1_212' title='bbox 634 1730 717 1762; x_wconf 82' lang='lat'>1553.</span> <span class='ocrx_word' id='word_1_213' title='bbox 734 1734 768 1762; x_wconf 91' lang='lat' dir='ltr'>B.</span> <span class='ocrx_word' id='word_1_214' title='bbox 783 1748 822 1753; x_wconf 91' lang='lat'>—-</span> <span class='ocrx_word' id='word_1_215' title='bbox 838 1731 890 1767; x_wconf 86' lang='lat' dir='ltr'>lb,</span> <span class='ocrx_word' id='word_1_216' title='bbox 912 1730 931 1760; x_wconf 84' lang='lat'>2</span> <span class='ocrx_word' id='word_1_217' title='bbox 947 1731 997 1767; x_wconf 85' lang='lat' dir='ltr'>jus</span> <span class='ocrx_word' id='word_1_218' title='bbox 1019 1732 1115 1759; x_wconf 83' lang='lat' dir='ltr'>divini</span> <span class='ocrx_word' id='word_1_219' title='bbox 1128 1731 1163 1759; x_wconf 91' lang='lat' dir='ltr'>B.</span> <span class='ocrx_word' id='word_1_220' title='bbox 1186 1746 1222 1750; x_wconf 96' lang='lat'>—</span> <span class='ocrx_word' id='word_1_221' title='bbox 1237 1729 1288 1764; x_wconf 72' lang='lat'>22,</span> <span class='ocrx_word' id='word_1_222' title='bbox 1313 1728 1328 1758; x_wconf 85' lang='lat'>1</span> <span class='ocrx_word' id='word_1_223' title='bbox 1349 1729 1530 1766; x_wconf 65' lang='lat' dir='ltr'>protopcstis</span> 
     </span>
     <span class='ocr_line' id='line_1_32' title="bbox 187 1767 1531 1808; baseline -0.004 -7"><span class='ocrx_word' id='word_1_224' title='bbox 187 1774 222 1801; x_wconf 89' lang='lat' dir='ltr'>A.</span> <span class='ocrx_word' id='word_1_225' title='bbox 238 1788 277 1792; x_wconf 97' lang='lat'><strong>—</strong></span> <span class='ocrx_word' id='word_1_226' title='bbox 291 1770 343 1808; x_wconf 82' lang='lat' dir='ltr'>2a,</span> <span class='ocrx_word' id='word_1_227' title='bbox 366 1771 384 1800; x_wconf 83' lang='lat'><strong><em>2</em></strong></span> <span class='ocrx_word' id='word_1_228' title='bbox 406 1771 494 1804; x_wconf 81' lang='lat' dir='ltr'>Quod</span> <span class='ocrx_word' id='word_1_229' title='bbox 513 1771 645 1799; x_wconf 78' lang='lat' dir='ltr'>futurum</span> <span class='ocrx_word' id='word_1_230' title='bbox 664 1772 730 1800; x_wconf 83' lang='lat' dir='ltr'>dira</span> <span class='ocrx_word' id='word_1_231' title='bbox 743 1773 778 1800; x_wconf 93' lang='lat' dir='ltr'>A.</span> <span class='ocrx_word' id='word_1_232' title='bbox 793 1786 831 1792; x_wconf 89' lang='lat'>—</span> <span class='ocrx_word' id='word_1_233' title='bbox 846 1769 897 1807; x_wconf 83' lang='grc'>21),</span> <span class='ocrx_word' id='word_1_234' title='bbox 922 1769 937 1799; x_wconf 87' lang='grc'>1</span> <span class='ocrx_word' id='word_1_235' title='bbox 954 1771 1051 1806; x_wconf 79' lang='lat' dir='ltr'>Quam</span> <span class='ocrx_word' id='word_1_236' title='bbox 1070 1778 1126 1799; x_wconf 85' lang='lat' dir='ltr'>nec</span> <span class='ocrx_word' id='word_1_237' title='bbox 1138 1770 1173 1797; x_wconf 85' lang='lat' dir='ltr'>A.</span> <span class='ocrx_word' id='word_1_238' title='bbox 1188 1786 1227 1790; x_wconf 86' lang='lat'>—</span> <span class='ocrx_word' id='word_1_239' title='bbox 1239 1767 1292 1805; x_wconf 78' lang='lat' dir='ltr'>4a,</span> <span class='ocrx_word' id='word_1_240' title='bbox 1316 1767 1334 1796; x_wconf 88' lang='grc'>2</span> <span class='ocrx_word' id='word_1_241' title='bbox 1355 1769 1430 1797; x_wconf 83' lang='lat' dir='ltr'>fehlt</span> <span class='ocrx_word' id='word_1_242' title='bbox 1443 1769 1477 1796; x_wconf 89' lang='grc' dir='ltr'>Β.</span> <span class='ocrx_word' id='word_1_243' title='bbox 1493 1782 1531 1787; x_wconf 91' lang='lat'>—-</span> 
     </span>
     <span class='ocr_line' id='line_1_33' title="bbox 184 1806 1520 1848; baseline -0.005 -8"><span class='ocrx_word' id='word_1_244' title='bbox 184 1810 240 1848; x_wconf 83' lang='lat' dir='ltr'>4a,</span> <span class='ocrx_word' id='word_1_245' title='bbox 262 1809 280 1840; x_wconf 87' lang='lat'><strong>3</strong></span> <span class='ocrx_word' id='word_1_246' title='bbox 301 1812 380 1840; x_wconf 84' lang='lat' dir='ltr'>facto</span> <span class='ocrx_word' id='word_1_247' title='bbox 402 1818 503 1839; x_wconf 83' lang='lat' dir='ltr'>coram</span> <span class='ocrx_word' id='word_1_248' title='bbox 522 1810 558 1838; x_wconf 90' lang='lat' dir='ltr'>A.</span> <span class='ocrx_word' id='word_1_249' title='bbox 572 1824 613 1828; x_wconf 90' lang='lat'>—</span> <span class='ocrx_word' id='word_1_250' title='bbox 626 1809 678 1845; x_wconf 83' lang='lat' dir='ltr'>7a,</span> <span class='ocrx_word' id='word_1_251' title='bbox 701 1809 719 1838; x_wconf 86' lang='lat'>2</span> <span class='ocrx_word' id='word_1_252' title='bbox 741 1812 846 1839; x_wconf 81' lang='lat' dir='ltr'>contra</span> <span class='ocrx_word' id='word_1_253' title='bbox 864 1812 991 1838; x_wconf 89' lang='lat' dir='ltr'>mortem</span> <span class='ocrx_word' id='word_1_254' title='bbox 1010 1810 1044 1838; x_wconf 90' lang='lat' dir='ltr'>B.</span> <span class='ocrx_word' id='word_1_255' title='bbox 1059 1824 1098 1828; x_wconf 90' lang='lat'><strong>—</strong></span> <span class='ocrx_word' id='word_1_256' title='bbox 1113 1807 1131 1835; x_wconf 77' lang='lat'><strong>7</strong></span> <span class='ocrx_word' id='word_1_257' title='bbox 1139 1809 1166 1844; x_wconf 90' lang='lat' dir='ltr'>b,</span> <span class='ocrx_word' id='word_1_258' title='bbox 1188 1806 1207 1837; x_wconf 84' lang='lat'><strong>3</strong></span> <span class='ocrx_word' id='word_1_259' title='bbox 1220 1808 1430 1845; x_wconf 83' lang='lat' dir='ltr'>Defungantur</span> <span class='ocrx_word' id='word_1_260' title='bbox 1443 1807 1478 1835; x_wconf 90' lang='lat' dir='ltr'>A.</span> <span class='ocrx_word' id='word_1_261' title='bbox 1494 1822 1520 1826; x_wconf 90' lang='lat'>——</span> 
     </span>
     <span class='ocr_line' id='line_1_34' title="bbox 183 1847 1121 1885; baseline -0.003 -6"><span class='ocrx_word' id='word_1_262' title='bbox 183 1850 240 1885; x_wconf 79' lang='lat'>710,</span> <span class='ocrx_word' id='word_1_263' title='bbox 262 1849 282 1879; x_wconf 90' lang='lat'>4</span> <span class='ocrx_word' id='word_1_264' title='bbox 302 1850 473 1880; x_wconf 80' lang='lat' dir='ltr'>Renovavit</span> <span class='ocrx_word' id='word_1_265' title='bbox 492 1850 526 1877; x_wconf 87' lang='lat' dir='ltr'>A.</span> <span class='ocrx_word' id='word_1_266' title='bbox 541 1865 580 1870; x_wconf 91' lang='lat'>—</span> <span class='ocrx_word' id='word_1_267' title='bbox 604 1847 674 1885; x_wconf 82' lang='lat' dir='ltr'>lob,</span> <span class='ocrx_word' id='word_1_268' title='bbox 696 1847 714 1877; x_wconf 88' lang='grc'>2</span> <span class='ocrx_word' id='word_1_269' title='bbox 734 1850 775 1878; x_wconf 82' lang='lat' dir='ltr'>Et</span> <span class='ocrx_word' id='word_1_270' title='bbox 796 1851 927 1877; x_wconf 83' lang='lat' dir='ltr'>extremo</span> <span class='ocrx_word' id='word_1_271' title='bbox 948 1851 1065 1885; x_wconf 81' lang='lat' dir='ltr'>tempus</span> <span class='ocrx_word' id='word_1_272' title='bbox 1086 1849 1121 1876; x_wconf 75' lang='grc' dir='ltr'>Α.</span> 
     </span>
    </p>
   </div>
   <div class='ocr_carea' id='block_1_4' title="bbox 611 1989 1113 2024">
    <p class='ocr_par' dir='ltr' id='par_1_4' title="bbox 611 1989 1113 2024">
     <span class='ocr_line' id='line_1_35' title="bbox 611 1989 1113 2024; baseline -0.006 0"><span class='ocrx_word' id='word_1_273' title='bbox 611 1991 677 2024; x_wconf 87' lang='grc'>416.</span> <span class='ocrx_word' id='word_1_274' title='bbox 718 1992 763 2024; x_wconf 81' lang='lat' dir='ltr'>De</span> <span class='ocrx_word' id='word_1_275' title='bbox 783 1990 892 2023; x_wconf 84' lang='lat' dir='ltr'>sancto</span> <span class='ocrx_word' id='word_1_276' title='bbox 913 1989 1113 2022; x_wconf 78' lang='lat' dir='ltr'>Theodorieo.</span> 
     </span>
    </p>
   </div>
   <div class='ocr_carea' id='block_1_5' title="bbox 185 2077 1491 2429">
    <p class='ocr_par' dir='ltr' id='par_1_5' title="bbox 185 2077 1491 2429">
     <span class='ocr_line' id='line_1_36' title="bbox 189 2077 1403 2125; baseline -0.008 -4"><span class='ocrx_word' id='word_1_277' title='bbox 189 2086 251 2121; x_wconf 80' lang='lat' dir='ltr'>la.</span> <span class='ocrx_word' id='word_1_278' title='bbox 277 2086 392 2119; x_wconf 85' lang='lat' dir='ltr'>Monte</span> <span class='ocrx_word' id='word_1_279' title='bbox 417 2093 558 2117; x_wconf 88' lang='lat' dir='ltr'>vernans</span> <span class='ocrx_word' id='word_1_280' title='bbox 583 2085 617 2116; x_wconf 92' lang='lat' dir='ltr'>in</span> <span class='ocrx_word' id='word_1_281' title='bbox 644 2083 766 2125; x_wconf 86' lang='lat' dir='ltr'>aprico,</span> <span class='ocrx_word' id='word_1_282' title='bbox 893 2081 953 2116; x_wconf 82' lang='lat' dir='ltr'>lb.</span> <span class='ocrx_word' id='word_1_283' title='bbox 975 2082 1016 2115; x_wconf 90' lang='lat' dir='ltr'>In</span> <span class='ocrx_word' id='word_1_284' title='bbox 1041 2090 1079 2114; x_wconf 90' lang='lat' dir='ltr'>or</span> <span class='ocrx_word' id='word_1_285' title='bbox 1101 2079 1281 2122; x_wconf 86' lang='lat' dir='ltr'>petrarium</span> <span class='ocrx_word' id='word_1_286' title='bbox 1308 2077 1403 2120; x_wconf 81' lang='lat' dir='ltr'>fudit,</span> 
     </span>
     <span class='ocr_line' id='line_1_37' title="bbox 272 2127 1474 2175; baseline -0.007 -8"><span class='ocrx_word' id='word_1_287' title='bbox 272 2134 371 2167; x_wconf 85' lang='lat' dir='ltr'>Nunc</span> <span class='ocrx_word' id='word_1_288' title='bbox 396 2142 529 2175; x_wconf 87' lang='lat' dir='ltr'>aquoso,</span> <span class='ocrx_word' id='word_1_289' title='bbox 554 2133 717 2174; x_wconf 86' lang='lat' dir='ltr'>quondam</span> <span class='ocrx_word' id='word_1_290' title='bbox 735 2132 831 2172; x_wconf 89' lang='lat' dir='ltr'>sicco,</span> <span class='ocrx_word' id='word_1_291' title='bbox 977 2130 1023 2163; x_wconf 88' lang='lat' dir='ltr'>Et</span> <span class='ocrx_word' id='word_1_292' title='bbox 1047 2139 1085 2162; x_wconf 91' lang='lat' dir='ltr'>or</span> <span class='ocrx_word' id='word_1_293' title='bbox 1109 2130 1221 2162; x_wconf 86' lang='lat' dir='ltr'>noster</span> <span class='ocrx_word' id='word_1_294' title='bbox 1244 2127 1322 2160; x_wconf 88' lang='lat' dir='ltr'>huic</span> <span class='ocrx_word' id='word_1_295' title='bbox 1346 2127 1474 2168; x_wconf 85' lang='lat' dir='ltr'>alludit,</span> 
     </span>
     <span class='ocr_line' id='line_1_38' title="bbox 273 2175 1491 2219; baseline -0.007 -3"><span class='ocrx_word' id='word_1_296' title='bbox 273 2183 369 2216; x_wconf 84' lang='lat' dir='ltr'>Felix</span> <span class='ocrx_word' id='word_1_297' title='bbox 395 2182 455 2215; x_wconf 90' lang='lat' dir='ltr'>sub</span> <span class='ocrx_word' id='word_1_298' title='bbox 482 2182 686 2214; x_wconf 85' lang='lat' dir='ltr'>Theodorieo</span> <span class='ocrx_word' id='word_1_299' title='bbox 979 2178 1077 2219; x_wconf 85' lang='lat' dir='ltr'>Cujus</span> <span class='ocrx_word' id='word_1_300' title='bbox 1103 2186 1227 2211; x_wconf 90' lang='lat' dir='ltr'>summo</span> <span class='ocrx_word' id='word_1_301' title='bbox 1252 2175 1375 2209; x_wconf 83' lang='lat' dir='ltr'>fontem</span> <span class='ocrx_word' id='word_1_302' title='bbox 1401 2175 1491 2210; x_wconf 87' lang='lat' dir='ltr'>cudit</span> 
     </span>
     <span class='ocr_line' id='line_1_39' title="bbox 321 2225 1316 2266; baseline -0.008 -1"><span class='ocrx_word' id='word_1_303' title='bbox 321 2231 447 2265; x_wconf 85' lang='lat' dir='ltr'>Jubilet</span> <span class='ocrx_word' id='word_1_304' title='bbox 474 2230 620 2263; x_wconf 86' lang='lat' dir='ltr'>ecclesia.</span> <span class='ocrx_word' id='word_1_305' title='bbox 1025 2226 1121 2260; x_wconf 85' lang='lat' dir='ltr'>Nova</span> <span class='ocrx_word' id='word_1_306' title='bbox 1146 2225 1316 2266; x_wconf 87' lang='lat' dir='ltr'>sapientia.</span> 
     </span>
     <span class='ocr_line' id='line_1_40' title="bbox 185 2284 1323 2327; baseline -0.01 -1"><span class='ocrx_word' id='word_1_307' title='bbox 185 2293 246 2326; x_wconf 81' lang='lat' dir='ltr'>2a.</span> <span class='ocrx_word' id='word_1_308' title='bbox 275 2291 372 2325; x_wconf 89' lang='lat' dir='ltr'>Omni</span> <span class='ocrx_word' id='word_1_309' title='bbox 396 2290 467 2324; x_wconf 91' lang='lat' dir='ltr'>Deo</span> <span class='ocrx_word' id='word_1_310' title='bbox 493 2289 648 2323; x_wconf 87' lang='lat' dir='ltr'>servienti</span> <span class='ocrx_word' id='word_1_311' title='bbox 891 2285 956 2321; x_wconf 81' lang='lat' dir='ltr'>2b.</span> <span class='ocrx_word' id='word_1_312' title='bbox 977 2284 1129 2327; x_wconf 77' lang='lat' dir='ltr'>Spiritali</span> <span class='ocrx_word' id='word_1_313' title='bbox 1154 2284 1323 2325; x_wconf 85' lang='lat' dir='ltr'>geniturae</span> 
     </span>
     <span class='ocr_line' id='line_1_41' title="bbox 271 2332 1446 2380; baseline -0.009 -6"><span class='ocrx_word' id='word_1_314' title='bbox 271 2340 361 2374; x_wconf 89' lang='lat' dir='ltr'>Fons</span> <span class='ocrx_word' id='word_1_315' title='bbox 389 2340 527 2374; x_wconf 86' lang='lat' dir='ltr'>devotae</span> <span class='ocrx_word' id='word_1_316' title='bbox 551 2341 643 2379; x_wconf 88' lang='lat' dir='ltr'>patet</span> <span class='ocrx_word' id='word_1_317' title='bbox 666 2337 765 2380; x_wconf 83' lang='lat' dir='ltr'>genti,</span> <span class='ocrx_word' id='word_1_318' title='bbox 977 2334 1052 2367; x_wconf 85' lang='lat' dir='ltr'>Non</span> <span class='ocrx_word' id='word_1_319' title='bbox 1078 2333 1202 2367; x_wconf 86' lang='lat' dir='ltr'>carnali</span> <span class='ocrx_word' id='word_1_320' title='bbox 1227 2332 1338 2366; x_wconf 88' lang='lat' dir='ltr'>vivens</span> <span class='ocrx_word' id='word_1_321' title='bbox 1360 2333 1446 2374; x_wconf 80' lang='lat' dir='ltr'>jure,</span> 
     </span>
     <span class='ocr_line' id='line_1_42' title="bbox 274 2382 1437 2429; baseline -0.009 -6"><span class='ocrx_word' id='word_1_322' title='bbox 274 2390 369 2424; x_wconf 89' lang='lat' dir='ltr'>Omni</span> <span class='ocrx_word' id='word_1_323' title='bbox 394 2388 502 2423; x_wconf 84' lang='lat' dir='ltr'>factus</span> <span class='ocrx_word' id='word_1_324' title='bbox 527 2388 667 2429; x_wconf 89' lang='lat' dir='ltr'>patienti</span> <span class='ocrx_word' id='word_1_325' title='bbox 976 2384 1032 2417; x_wconf 89' lang='lat' dir='ltr'>Ad</span> <span class='ocrx_word' id='word_1_326' title='bbox 1057 2391 1200 2416; x_wconf 89' lang='lat' dir='ltr'>amorem</span> <span class='ocrx_word' id='word_1_327' title='bbox 1224 2382 1312 2415; x_wconf 87' lang='lat' dir='ltr'>vitae</span> <span class='ocrx_word' id='word_1_328' title='bbox 1334 2391 1437 2423; x_wconf 85' lang='lat' dir='ltr'>purae</span> 
     </span>
    </p>
   </div>
   <div class='ocr_carea' id='block_1_6' title="bbox 321 2431 1471 2481">
    <p class='ocr_par' dir='ltr' id='par_1_6' title="bbox 321 2431 1471 2481">
     <span class='ocr_line' id='line_1_43' title="bbox 321 2431 1471 2481; baseline -0.007 -8"><span class='ocrx_word' id='word_1_329' title='bbox 321 2437 499 2481; x_wconf 75' lang='lat' dir='ltr'>sospitatis</span> <span class='ocrx_word' id='word_1_330' title='bbox 522 2436 655 2471; x_wconf 89' lang='lat' dir='ltr'>labium.</span> <span class='ocrx_word' id='word_1_331' title='bbox 1027 2432 1174 2474; x_wconf 83' lang='lat' dir='ltr'>Sponsae</span> <span class='ocrx_word' id='word_1_332' title='bbox 1197 2431 1293 2464; x_wconf 84' lang='lat' dir='ltr'>torsit</span> <span class='ocrx_word' id='word_1_333' title='bbox 1318 2431 1471 2465; x_wconf 85' lang='lat' dir='ltr'>studium.</span> 
     </span>
    </p>
   </div>
  </div>
 </body>
</html>
