1652 2678
671 99 933 136 —276—

137 196 193 230 2a.
222 195 362 229 Caruisti
389 200 502 230 cuncto
530 198 614 239 dolo,

221 243 283 285 Qui
305 244 490 287 praefulges
514 246 582 286 jam
605 247 641 279 in
666 247 742 288 polo

270 292 348 326 Cum
374 294 493 326 sanctis
518 295 715 336 perenniter,

137 351 192 384 3a.
218 349 346 391 Lapsus
370 354 522 392 premunt
546 352 709 396 vitiorum,

220 398 398 432 Multorum
422 399 650 444 periculorum,

269 446 391 480 Gravia
414 448 596 490 dispendia,

133 505 193 537 401.
221 503 320 536 Callis
346 505 466 544 premit
489 505 649 547 miseriae,

221 551 295 583 Nisi
321 552 452 584 divinae
476 553 600 592 gratiae

269 599 463 632 Relevemur
489 600 617 639 ducatu,

831 198 891 232 2b.
920 195 1064 237 Quiescis
1089 194 1121 226 in
1148 196 1259 226 terrae
1281 194 1361 233 solo,

915 245 977 285 Qui
1002 244 1128 285 gustato
1154 241 1276 282 gaudes
1303 240 1389 274 dono

963 290 1105 325 Deitatis
1127 290 1259 331 jugiter.

832 350 893 385 3b.
915 350 1015 383 Adsit
1039 356 1126 380 nunc
1151 347 1376 389 suffragiorum

917 399 1124 437 Tuorumque
1147 396 1337 429 meritorum

966 444 1070 478 Nobis
1097 443 1253 478 efficacia.

831 504 891 538 4b.
915 505 1075 538 Succurre
1099 502 1299 543 indigentiae

915 550 1136 591 coelestisque
1158 549 1209 582 fer
1233 548 1357 591 gloriae

966 599 1093 633 Sortem
1118 602 1173 631 tuo
1202 600 1349 639 precatu.

209 683 295 711 Miss.
311 692 365 711 ms.
379 683 614 719 Vissegradense
628 685 666 713 01.
679 686 708 714 V
722 685 763 719 Οζ
774 694 851 714 saec.
869 684 913 715 15.
930 701 966 706 —
982 684 1033 721 lb,
1055 682 1073 712 2
1090 684 1277 713 abundantia
1292 683 1422 720 ergfinzt.
1435 698 1477 703 —-

132 721 188 757 410,
211 718 229 748 2
249 721 293 749 fer
313 723 443 759 ergfinzt.

581 824 648 857 366.
689 824 735 858 De
758 827 868 857 sancto
887 825 1025 858 Nicolao.

162 915 218 949 ia.
244 914 415 947 Nicolaum
443 913 660 947 confessorem

245 962 362 995 Lauda
386 963 476 1003 pium
502 965 535 994 et
557 966 733 1003 pastorem,

293 1010 442 1044 Militans
469 1011 617 1052 ecclesia,

159 1071 218 1103 2a.
244 1069 402 1111 Magnum
428 1069 552 1110 signum
579 1068 761 1101 sanctitatis

244 1117 291 1150 Et
314 1115 446 1150 futurae
471 1117 629 1149 castitatis

290 1165 450 1198 Praebuit
473 1163 623 1206 infantia,

164 1225 225 1258 3a.
252 1223 318 1255 Hic
342 1223 486 1256 renitens
511 1222 714 1264 sublimatur,

242 1270 330 1303 Laus
354 1270 493 1312 insignis
519 1271 548 1302 ei
576 1271 672 1303 datur

293 1318 340 1351 Et
363 1318 468 1351 honor
495 1318 660 1360 divinitus,

159 1380 219 1411 cla,
248 1376 273 1409 O
301 1385 396 1417 quam
422 1375 502 1409 felix
529 1379 562 1408 et
585 1377 767 1418 praeclara,

244 1424 403 1464 Quantum
431 1433 556 1457 summo
582 1425 651 1466 regi
678 1434 754 1458 cara

291 1472 380 1505 Talis
408 1476 457 1505 est
481 1473 651 1514 promotio,

158 1533 217 1565 5a.
244 1529 310 1562 Hic
334 1530 377 1563 ad
398 1530 551 1563 thronum
567 1531 774 1571 praesulatus

241 1578 419 1619 Tamquam
435 1579 548 1611 Aaron
575 1581 622 1611 est
641 1583 773 1612 vocatus

288 1628 320 1659 A
345 1626 415 1660 Deo
441 1626 592 1668 feliciter.¹

158 1687 218 1719 62¹.
245 1684 353 1718 Fulsit
378 1687 416 1717 ut
441 1684 489 1718 sol
514 1684 577 1717 Dei
602 1686 734 1726 templo,

239 1733 348 1766 Verbo
376 1734 495 1766 docens
522 1735 555 1765 et
577 1734 725 1774 exemplo

287 1781 405 1814 Fidem
430 1781 551 1815 Christi
576 1783 707 1824 populo,

155 1840 211 1873 7a.
237 1839 331 1872 Tunc
352 1840 532 1880 prudenter
557 1840 705 1882 vigilavit

239 1887 285 1919 Et
307 1888 467 1921 talentum
495 1888 697 1929 dispensavit

290 1935 457 1969 Creditum
481 1935 634 1978 fideliter,

154 1994 212 2026 8a.
240 1991 302 2024 Dei
328 1994 450 2026 cultum
475 1994 643 2034 ampliare,

240 2039 341 2074 Sacra
365 2042 438 2074 loca
463 2040 672 2082 frequentare

286 2088 413 2123 Devote
438 2090 619 2130 studuerat,

152 2147 211 2179 9a.
240 2145 332 2184 Quod
357 2150 494 2180 naturae
520 2148 707 2190 denegatur,

238 2193 311 2226 Hoc
335 2195 386 2227 vir
411 2198 544 2228 sanctus
568 2199 722 2236 operatur

287 2241 450 2284 Singulari
476 2244 591 2285 gratia,

129 2299 210 2333 loa.
237 2300 289 2332 Ac
313 2302 439 2342 adjuvit
464 2303 653 2344 navigantes

237 2347 305 2380 Piis
330 2350 414 2382 votis
439 2350 653 2390 implorantes

284 2395 365 2436 Ejus
390 2398 583 2439 patrocinia,

861 914 920 948 lb.
944 916 1049 948 Tanto
1075 915 1163 954 patri
1184 914 1338 954 jubilare,

945 963 1066 995 Dulces
1091 962 1228 1003 hymnos
1251 969 1429 1002 personare

994 1011 1098 1044 Decet
1124 1019 1195 1042 cum
1225 1008 1360 1042 laetitia.

862 1068 921 1101 2b.
945 1068 1033 1108 Quae
1058 1076 1094 1100 se
1119 1068 1228 1100 statim
1254 1066 1440 1100 abstinebat

948 1116 1055 1150 Semel
1080 1119 1207 1149 tantum
1231 1117 1284 1149 lac
1309 1115 1447 1156 sugebat

995 1165 1128 1206 Quarta,
1156 1167 1250 1197 sexta
1274 1163 1367 1197 feria.

862 1222 923 1257 3b.
946 1223 1082 1258 Praesul
1108 1232 1180 1255 cum
1207 1221 1349 1255 efficitur

942 1272 989 1305 Et
1014 1271 1129 1311 dignus
1156 1271 1340 1303 ostenditur

993 1320 1081 1352 Voce
1106 1318 1205 1351 missa
1231 1318 1375 1352 coelitus.

859 1377 919 1411 4b.
944 1377 1046 1417 Quam
1070 1386 1135 1409 non
1161 1375 1254 1410 favor
1277 1376 1419 1409 hominis

942 1427 1012 1460 Dat
1035 1434 1096 1457 nec
1121 1434 1211 1458 amor
1236 1424 1386 1457 culminis

991 1473 1056 1507 Sed
1081 1482 1160 1506 vera
1187 1473 1326 1506 devotio.

858 1532 918 1566 5b.
942 1532 1047 1565 Tanto
1073 1532 1179 1572 gradu
1206 1540 1270 1564 non
1297 1531 1401 1563 elatus

938 1580 1033 1613 Mitis
1061 1580 1211 1623 clemens,
1228 1580 1352 1613 cunctis
1362 1583 1474 1622 gratus

988 1628 1127 1661 Vixerat
1151 1629 1328 1662 humiliter.

858 1686 918 1721 6b.
941 1687 1019 1721 Vita
1044 1695 1104 1719 sua
1128 1686 1176 1718 sic
1203 1685 1353 1719 doctrina

943 1734 1042 1775 Quasi
1066 1735 1163 1767 stella
1187 1736 1347 1768 matutina

987 1785 1092 1817 Lucet
1114 1784 1200 1816 omni
1226 1783 1369 1818 saeculo.

857 1843 875 1876 7
883 1842 916 1878 b.
941 1842 1021 1875 Cum
1043 1842 1204 1882 pudorem
1231 1842 1438 1875 conservavit

940 1890 1121 1933 Virginum,
1147 1900 1227 1932 quas
1252 1891 1336 1924 clam
1354 1891 1474 1925 ditavit

976 1939 1055 1973 Cum
1080 1942 1217 1979 parente
1241 1938 1386 1981 largiter.

855 1996 914 2031 8b.
932 1998 1027 2031 Idola
1054 1997 1217 2029 destruxit
1241 2006 1326 2031 vana

938 2045 1010 2078 Nec
1025 2054 1091 2078 non
1105 2044 1251 2087 fraudes,
1270 2054 1350 2087 quas
1363 2045 1475 2079 Diana

985 2093 1177 2127 Machinata
1201 2093 1319 2130 fuerat.

852 2151 912 2186 9b.
936 2153 997 2193 Qui
1021 2150 1220 2185 frumentum
1237 2153 1469 2195 augmentavit,

933 2202 1028 2243 Quod
1053 2210 1074 2233 a
1097 2201 1208 2234 multis
1232 2201 1414 2243 postulavit

983 2249 1094 2283 Famis
1120 2250 1155 2282 in
1178 2251 1326 2291 penuria.

829 2305 910 2339 10b.
933 2308 1014 2340 Mox
1038 2310 1216 2348 tempestas
1243 2311 1293 2340 est
1316 2308 1444 2350 sedata,

933 2356 1014 2389 Visa
1039 2355 1144 2387 dulcis
1170 2365 1251 2390 aura
1275 2358 1370 2397 grata

983 2403 1111 2444 Suaque
1136 2404 1335 2443 praesentia.
