1652 2678
766 148 811 153 -
861 105 1004 164 84⁴-

206 228 267 261 4a.
297 225 423 265 Gaude,
452 227 543 267 cujus
569 231 663 258 natus
688 225 778 258 misit

293 274 448 309 Sanctum
466 283 618 315 pneuma,
637 277 673 306 ut
690 272 850 314 promisit,

343 323 416 356 Suis
440 323 474 355 in
501 322 642 363 palatim

212 383 269 415 5a.
297 380 363 414 Ubi
389 379 515 413 fructus
541 380 664 411 ventris
690 379 738 410 tui

294 428 359 461 Per
383 431 417 460 te
441 427 535 460 nobis
560 427 655 459 detur
680 425 745 458 frui

341 477 380 510 In
404 475 541 517 perenni
567 474 703 515 gaudi03

206 536 227 568 6
235 543 265 567 a.
294 533 420 576 Gaude,
449 534 548 565 decor
572 531 663 574 lucis,
691 531 801 571 polum

291 582 396 614 Ornas
421 584 458 612 ut,
484 580 569 612 diem
594 583 627 611 et
649 580 753 612 solum

339 629 395 662 Sol
419 629 565 661 illustrat
588 627 702 668 radi03

206 688 266 720 7a.
296 685 421 726 Gaude,
449 685 534 726 quod
561 685 609 717 vis
633 685 704 717 Deo
730 684 849 725 placet,

294 735 394 775 Apud
422 735 532 768 Jesum
559 732 618 766 tibi
641 734 729 774 jacet

339 783 508 823 Frequens
534 782 716 824 exauditi03

206 842 264 874 Sa.
293 839 417 877 Gaude„
445 847 528 880 quae
554 839 792 880 approximaris

290 887 454 928 Trinitati‚
482 887 644 920 trabearis

341 936 437 969 Claro
465 936 571 968 carnis
596 937 716 977 pallio3

205 995 265 1028 9a.
294 993 503 1027 Dominatrix
526 1002 750 1036 supernorum,

290 1039 392 1074 Plaea
417 1050 526 1082 regem
553 1045 745 1081 creatorum,

339 1091 384 1124 Ut
411 1094 465 1122 tuo
490 1089 641 1132 suffragio

913 226 935 258 4
942 224 975 259 b,
998 221 1123 256 Gaude,
1136 229 1218 261 quae
1225 223 1302 260 post
1310 220 1417 260 ipsum
1427 220 1560 252 scandis

912 376 971 410 5b,

911 530 970 564 6b.

912 683 970 717 71).

910 838 969 872 81).

910 992 972 1027 91).

994 270 1039 303 Et
1064 272 1114 301 est
1134 269 1195 301 tibi
1222 269 1325 301 honor
1348 268 1483 308 grandis

1043 318 1082 350 In
1109 316 1243 349 coelesti
1269 316 1361 349 solio.

996 375 1122 415 Gaude,
1146 378 1180 406 te
1204 375 1276 406 laus
1303 372 1383 406 colit
1409 372 1501 406 dives

997 423 1103 463 Super
1128 431 1239 455 omnes
1264 422 1347 454 coeli
1373 421 1460 454 cives

1049 470 1213 511 Singulari
1239 470 1366 503 merito.

996 528 1120 571 Gaude,
1150 528 1210 560 tibi
1234 527 1316 560 coeli
1343 529 1453 559 coetus

996 577 1096 609 Paret
1118 579 1154 609 ut
1180 576 1313 618 reginae
1337 575 1443 608 laetus

1047 625 1096 657 Te
1122 625 1231 658 colens
1256 623 1422 664 obsequio.

994 683 1118 722 Gaude,
1145 683 1234 715 Deus
1260 685 1293 714 te
1317 682 1461 714 colentes

997 732 1063 764 Hic
1088 734 1122 763 et,
1144 731 1179 763 in
1204 730 1314 763 futuro
1340 732 1466 763 mentes

1043 779 1152 820 Digno
1180 779 1264 812 ditat
1288 778 1446 820 praemio.

995 837 1111 870 Gaude
1135 846 1265 877 semper
1290 836 1451 878 gavisura,

992 886 1054 918 His
1079 885 1114 917 in
1140 886 1239 918 coelis
1268 883 1410 917 fruitura

1042 933 1137 967 Omni
1161 934 1277 974 procul
1303 933 1454 967 termino.

994 992 1078 1032 Ejus
1103 993 1193 1032 apud
1218 991 1397 1023 trinitatem

995 1040 1259 1079 Contemplemur
1284 1040 1444 1072 unitatem

1041 1089 1079 1122 In
1106 1089 1244 1129 perenni
1268 1088 1398 1129 gaudio.

285 1156 370 1184 Miss.
391 1164 446 1183 ms.
470 1155 566 1190 Capit.
589 1156 779 1184 Cracoviens.
802 1153 820 1182 2
842 1157 913 1183 anni
937 1153 1011 1184 143⁰

625 1258 683 1290 101.
725 1257 761 1289 In
782 1258 1005 1299 Assumptione
1025 1258 1116 1289 BMV.

207 1331 263 1364 1a.
290 1329 441 1363 Laetare,
467 1330 558 1370 virgo
582 1330 710 1373 nobilis,

289 1377 353 1410 Dei
377 1381 482 1410 mater
507 1377 668 1420 amabilis,

338 1426 531 1459 Fecundata
554 1426 702 1468 mirifice,

207 1486 264 1518 aa.
293 1483 418 1524 Gaude,
445 1484 536 1525 virgo
564 1484 699 1526 deifera,

289 1532 365 1573 Quia
395 1533 484 1573 paris
509 1541 673 1574 puerpera

339 1581 502 1614 Christum
528 1581 598 1614 sine
618 1581 778 1622 suspirio;

204 1640 265 1672 33.
292 1638 411 1671 Tzistis
436 1648 496 1679 pro
521 1648 619 1679 passo
644 1639 712 1672 filio

288 1686 484 1728 Resurgenti
509 1696 579 1719 cum
606 1688 724 1729 gaudio

339 1736 539 1779 CongaudeS,
565 1740 669 1769 mater
693 1740 816 1769 tenera.

203 1795 261 1827 4a.
290 1793 355 1827 Sed
380 1796 456 1834 post
480 1794 602 1835 gaudes
624 1795 799 1836 jucundius

291 1841 468 1875 Sublevata
492 1842 672 1885 sublimius,

338 1891 527 1933 Regnatura
551 1893 749 1932 perenniter.

910 1331 970 1365 lb.

908 1795 967 1830 410.

993 1331 1079 1363 Prae
1104 1330 1228 1362 cunctis
1254 1329 1449 1362 venerabilis

995 1378 1182 1418 Concepisti
1205 1380 1243 1410 ut
1267 1378 1398 1410 humilis

1042 1427 1175 1460 Ancilla
1201 1427 1330 1460 Christo
1357 1426 1478 1460 indice.

907 1486 967 1520 2b.
993 1485 1163 1525 Stupenda
1187 1487 1263 1517 sunt
1287 1485 1370 1517 haec
1397 1493 1517 1526 opera;

991 1534 1127 1566 Terram
1151 1534 1238 1575 regit
1263 1536 1295 1565 et
1320 1533 1455 1566 aethera

1039 1582 1109 1614 Tuo
1136 1585 1280 1624 gestatus
1307 1581 1440 1623 gremio.

906 1640 967 1674 3b.
995 1640 1115 1673 Gaudii
1139 1643 1216 1681 post
1241 1640 1370 1673 occasio

991 1689 1059 1722 Sua
1081 1687 1145 1721 fuit
1170 1689 1317 1722 ascensio

1042 1738 1150 1778 Supra
1175 1738 1338 1770 coelorum
1366 1737 1487 1773 sidera.

990 1795 1095 1828 Nobis
1120 1800 1158 1828 ut,
1180 1796 1225 1828 sit
1248 1795 1412 1837 propitius

992 1844 1081 1877 Tuus
1109 1844 1248 1878 dilectus
1273 1843 1372 1887 filius,

1044 1893 1143 1934 Virgo
1171 1894 1313 1934 deposce
1333 1893 1467 1938 jugiter,

632 1954 664 1985 5.
691 1951 765 1983 Hoc
790 1959 963 1991 precamur
987 1952 1150 1986 alacriter.

283 2016 368 2044 Miss.
391 2025 444 2045 ms.
466 2017 807 2046 Romano-Franciscan.
830 2025 907 2046 saec.
930 2016 975 2046 14.
1000 2018 1071 2046 Cod.
1094 2018 1373 2056 Carpentoraetens.
1397 2017 1462 2048 107.

619 2111 683 2142 102.
722 2111 758 2142 111
778 2110 1002 2152 Assumptione
1024 2111 1115 2143 BMV.

208 2181 264 2214 la.
293 2181 399 2225 Salve,
427 2182 541 2214 salutis
563 2183 674 2224 janua,

291 2229 484 2264 Solemnitas
509 2240 617 2263 annua

337 2278 413 2311 Tibi
439 2278 632 2320 celebratur,

207 2336 268 2369 2a.
297 2335 375 2368 Cum
398 2337 466 2376 jam
492 2337 536 2369 sis
562 2341 738 2379 assumpta,

293 2383 474 2424 Resumpta

340 2432 396 2464 Ad
424 2433 504 2465 coeli
527 2434 661 2472 palatia,

910 2183 970 2217 11).
993 2184 1166 2218 Flosculus
1193 2186 1389 2228 sanctitatis,

992 2232 1073 2265 Dies
1099 2233 1315 2268 solemnitatis

1044 2281 1108 2314 Per
1132 2284 1166 2315 te
1189 2284 1337 2317 iteratur.

911 2338 972 2372 2b.
996 2339 1070 2372 Jam
1097 2340 1226 2375 rimaris
1253 2343 1373 2373 cuncta

999 2387 1182 2428 Conjuncta

1047 2436 1180 2471 Semota.
1204 2433 1346 2471 fallacia..
