1652 2678
753 131 1016 166 *248-

216 237 274 269 6a.
301 234 389 267 Hinc
413 234 456 266 ad
482 241 602 272 poenas
625 231 715 272 virgo
738 232 852 268 tracta,
914 227 972 262 6b.
996 228 1099 260 Preee
1123 224 1215 266 prius
1238 224 1454 264 pertentatur,

301 282 347 316 Ut
372 290 548 322 poenarum
573 280 607 312 vi
631 280 766 312 subacta
997 274 1063 307 Sed
1087 281 1149 306 nec
1172 280 1271 313 prece
1293 272 1475 304 minoratur

350 329 444 362 Colat
467 327 631 366 idolatria,
1046 321 1160 354 Animi
1185 319 1375 353 constantia.

216 390 275 422 7a.
303 387 449 420 Tandem
474 392 598 425 poenae
620 383 693 416 finis
721 383 826 423 datur,
913 383 932 415 7
940 379 971 414 b.
997 379 1087 413 Coeli
1110 378 1208 411 turba
1232 378 1281 410 sic
1305 377 1437 418 ambita,

300 435 348 469 Ut
367 435 435 475 jam
461 433 551 474 virgo
576 432 730 472 puniatur
1000 428 1079 461 Gum
1104 436 1165 468 pro
1191 428 1296 459 morte
1322 427 1419 459 datur
1444 426 1514 459 vita

351 482 474 522 Capitis
499 480 669 522 sententia,
1045 476 1233 516 Perpesque
1257 474 1405 508 victoria.

216 544 273 576 Sa.
302 541 352 573 Tu
376 540 514 578 sacrata,
913 534 973 569 8b.
994 533 1043 567 Ut
1067 534 1204 566 donetur

298 588 348 620 Tu
373 586 470 619 beata
998 582 1070 615 Nee
1093 584 1230 623 negetur

347 634 432 668 Vota
458 642 554 665 cerne
1044 630 1230 664 Poenitenti

346 682 418 716 Nec
439 683 506 723 jam
529 689 647 722 sperne
1045 679 1187 713 Nostrae
1210 678 1312 710 menti

396 730 570 763 Servorum
592 728 770 769 precantia,
1095 726 1312 760 Comissorum
1339 727 1443 760 venia.

291 808 352 836 Mis
372 828 377 835 .
397 806 586 835 virdunense
608 807 679 842 imp.
700 805 827 833 Parisiis
849 801 933 832 1554.

665 935 731 968 328.
773 935 817 967 De
837 937 950 968 saneta
970 935 1106 967 Martha.

220 1013 276 1045 la.
306 1012 405 1045 Sonet
430 1019 493 1043 vox
517 1008 672 1048 laetitiae,
916 1007 975 1041 ih.
997 1007 1133 1040 Martha
1155 1006 1213 1038 lux
1240 1006 1397 1039 ecclesiae

300 1059 449 1092 Resultet
473 1058 507 1089 in
533 1056 617 1090 faeie
997 1055 1152 1088 Introivit
1176 1055 1275 1088 hodie

349 1108 429 1147 Pax,
453 1115 543 1139 amor
569 1107 601 1136 et
625 1104 788 1145 gaudium.
1050 1102 1198 1136 Coeleste
1222 1103 1389 1144 palatium.

218 1167 274 1199 2a,
301 1164 394 1197 Haeo
418 1168 468 1196 est
495 1162 598 1196 dulcis
622 1162 762 1203 hospita,
916 1162 973 1195 2b.
997 1161 1100 1194 Manu
1123 1165 1221 1202 parat
1244 1161 1381 1202 propria

301 1213 384 1246 Tam
407 1213 462 1252 pie
484 1211 626 1243 sollicita
997 1210 1120 1250 Magna
1146 1209 1316 1251 diligentia

352 1260 447 1295 Circa
471 1259 534 1291 Dei
558 1257 679 1297 filium3
1048 1257 1187 1290 Domino
1214 1258 1407 1293 convivium.

219 1321 278 1353 3a.
309 1318 475 1351 Castitatis
500 1317 667 1357 speculum
917 1316 977 1349 3b.
1001 1315 1107 1357 Signis
1134 1321 1167 1348 et
1190 1315 1349 1357 prodigiis

301 1365 502 1400 Reac-cendit
526 1365 680 1406 populum
998 1363 1136 1397 Liberet
1158 1373 1178 1395 a
1202 1364 1302 1397 variis

351 1414 408 1447 Ad
432 1417 599 1447 aeternum
624 1412 782 1452 bravium,
1048 1411 1227 1445 Erroribus
1252 1413 1408 1453 gentium.

219 1475 278 1506 4a.
304 1471 532 1505 Praedicatrix
556 1471 690 1510 optima,
916 1470 978 1503 4b.
1001 1469 1155 1503 Gratiosa
1178 1470 1308 1511 populis

303 1520 399 1553 Ferit
424 1519 531 1553 cordis
555 1519 671 1551 intima
1003 1517 1167 1551 Diffundit
1190 1519 1357 1552 miraculis

350 1568 552 1601 Detestando
579 1567 712 1607 vitium,
1048 1566 1147 1599 Lucis
1170 1575 1248 1600 suae
1270 1568 1410 1601 radium.

218 1629 279 1662 5a.
306 1626 433 1659 Sanctis
459 1626 525 1658 suis
551 1625 704 1666 precibus
918 1625 978 1659 5b.
1002 1624 1215 1665 Castrumque
1239 1629 1430 1667 promoveat

301 1675 370 1708 Det
392 1673 708 1707 Tarraseonensibus
1000 1673 1048 1705 Et
1070 1673 1164 1706 nobis
1189 1673 1335 1707 obtineat

353 1723 487 1757 Gratiae
511 1722 701 1763 subsidium,
1049 1720 1089 1754 In
1115 1722 1214 1754 coelis
1239 1723 1428 1763 hospitium.

296 1800 381 1828 Miss.
401 1799 585 1828 Tolosanum
604 1801 676 1836 imp¹
696 1798 838 1837 Lugduni
860 1796 944 1827 1524.
964 1798 1000 1827 A.
1026 1813 1066 1819 —-
1090 1799 1175 1828 Miss.
1195 1799 1382 1829 Tolosanum
1402 1802 1473 1838 imp.
1494 1809 1518 1829 s.
1538 1801 1559 1829 1.

222 1837 307 1868 1490.
327 1839 361 1867 Β.
383 1854 421 1858 -
440 1839 511 1867 Mol.
528 1838 688 1875 jedenfalls
708 1838 787 1867 Veni
807 1839 910 1867 sancte
929 1838 1063 1875 spirit-us.

647 1961 720 1994 329.
762 1961 804 1993 De
826 1961 936 1993 saneto
958 1961 1129 1994 Matthaeo.

658 2035 690 2067 1.
717 2032 847 2065 Laudes
875 2034 1014 2066 creatori

719 2089 870 2114 canamus
897 2081 994 2122 digne
1018 2090 1153 2124 summo,

225 2141 282 2173 2a.
310 2139 371 2179 Qui
394 2149 452 2172 nos
478 2139 580 2179 ipsius
601 2139 713 2171 militis
921 2139 981 2172 2b.
1005 2140 1116 2173 Omnis
1143 2149 1238 2182 quem
1264 2142 1341 2174 colit
1365 2140 1474 2175 fidelis

308 2188 457 2220 venerari
1004 2188 1039 2220 in
1065 2189 1217 2229 quadrati

311 2236 447 2268 dederat
472 2234 557 2268 festa
579 2235 750 2275 Matthaei,
1007 2236 1142 2269 cardine
1165 2238 1221 2278 pie
1246 2239 1379 2273 saeculi.

227 2294 284 2327 32.
311 2294 408 2326 Hunc
430 2294 506 2326 olim
923 2293 986 2327 3b.
1008 2293 1173 2328 Johannes

309 2341 464 2374 Ezechiel
487 2342 652 2382 praevidit
1009 2342 1114 2375 denuo
1139 2345 1255 2378 videns
1280 2346 1390 2386 ipsum

310 2389 346 2421 in
370 2389 421 2422 bis
447 2390 531 2422 binis
1008 2399 1081 2423 esse
1103 2392 1223 2426 clamat

312 2437 505 2470 animalibus
530 2438 743 2478 praeclarum.
1006 2438 1042 2471 in
1068 2438 1177 2481 effigie
1201 2441 1352 2475 hominis.
