1652 2678
829 107 1094 142 —124—

294 206 374 239 ila.
402 204 510 238 Morte
535 206 641 246 gregis
667 205 887 243 contristatur,
991 203 1074 237 llb.
1101 201 1199 240 Cujus
1224 209 1334 233 sumus
1361 200 1445 233 dono
1470 200 1544 240 Dei,

402 252 489 292 Quae
514 254 556 286 de
582 253 670 285 coelo
697 252 871 291 revelatur,
1100 248 1160 287 Qui
1185 250 1272 281 hune
1296 247 1390 279 nobis
1416 256 1541 287 nosque
1565 247 1595 278 ei

401 300 467 333 Sed
492 302 626 342 angelus
653 300 847 341 consolatur,
1097 296 1185 329 Loco
1204 296 1314 337 junxit
1338 304 1425 327 nunc
1451 294 1539 334 fidei,

401 348 493 387 Quod
520 348 688 381 defunctos
714 347 930 386 subsequatur
1098 343 1221 385 Jungat
1245 345 1334 376 sorte
1358 343 1480 383 speciei

448 396 593 428 Aeterna
617 394 751 426 laetitia.
1169 392 1209 424 In
1241 391 1375 424 coelesti
1400 391 1515 432 gloria.

367 461 450 488 Miss.
477 469 530 489 ms.
554 460 752 488 Vedastinum
779 467 856 486 saec.
885 456 922 485 14
956 459 997 486 in.
1024 457 1096 486 Ood.
1117 457 1307 486 Atrebatens.
1328 454 1395 485 888.
1416 457 1452 485 A.
1480 474 1519 478 —
1543 458 1629 487 Miss.

289 509 343 527 ms.
358 499 555 526 Vedastinum
569 506 645 526 saec.
663 495 707 524 14.
730 497 800 525 Cod.
816 496 1003 525 Atrebatens.
1019 494 1076 524 882
1090 496 1124 523 Β.
1147 513 1180 516 --
1199 494 1270 524 Mel.
1284 507 1324 517 =
1336 495 1457 524 Laudes
1474 498 1579 524 crucis.
1595 512 1628 517 -

290 540 348 565 Str.
369 536 384 565 f
408 545 471 573 sqq.
493 536 592 564 fehlen
612 537 645 564 B.

749 627 804 659 161.
846 627 890 658 De
911 628 1020 659 saneto
1042 626 1166 659 Albino.

748 699 780 731 1.
807 697 862 730 Ad
886 699 919 728 te
946 700 1063 730 cuncta

806 745 946 778 tendunt
969 746 1102 787 lumina,

290 808 350 840 2a.
377 805 438 844 Qui
463 804 569 837 coelos
595 803 680 844 regis
706 806 804 845 atque
829 812 909 836 arva
989 804 1049 837 2b.
1074 804 1175 843 Quem
1198 804 1315 837 laudat
1332 805 1479 838 siderum
1497 815 1629 842 corusca

372 862 433 885 nec
456 861 521 885 non
547 851 738 884 refraenans
763 852 877 894 maria,
1072 853 1250 893 splendore
1278 853 1348 894 poli
1375 862 1514 887 camera.

287 913 343 946 3a.
371 910 510 943 Succina
988 910 1048 944 3b.
1071 910 1192 943 Inclita

372 958 530 1000 cantibus,
562 958 716 1000 phalanX,
745 967 876 999 organa,
1072 957 1244 991 concinens
1269 961 1431 999 praesulis
1456 961 1542 994 sacri

371 1007 491 1039 Albino
514 1006 629 1047 Jubila,
1073 1006 1184 1040 divina
1211 1008 1416 1042 charismata.

287 1067 344 1100 4a.
371 1064 460 1097 Natu
484 1064 587 1096 nobili
987 1065 1049 1099 4b.
1074 1064 1186 1098 Sancti
1211 1066 1347 1106 spiritus

369 1112 478 1153 proles
505 1112 604 1154 edita,
1070 1123 1146 1145 mox
1171 1115 1328 1155 templum
1353 1113 1454 1158 facta,

370 1160 437 1193 fide
461 1160 603 1193 nobilior
627 1159 778 1201 maxima,
1073 1161 1213 1195 ardebat
1241 1163 1437 1203 spiritualia.

292 1222 347 1253 δα.
373 1218 421 1252 Ut
444 1218 617 1250 mitissima
988 1220 1047 1253 51).
1068 1219 1206 1253 Sucoum
1231 1220 1390 1254 fundebat

372 1267 441 1298 ovis
471 1267 637 1299 ruminans
1070 1268 1159 1300 intra
1182 1269 1290 1301 nitida

373 1315 499 1347 divinas
525 1314 713 1357 sententiaS,
1071 1316 1275 1357 spiritualem
1305 1321 1451 1358 pectora.

287 1375 344 1406 6a.
371 1371 527 1404 Ardescit
549 1372 627 1403 hinc
653 1371 761 1404 anima
987 1373 1047 1407 6b.
1069 1374 1158 1414 Agni
1183 1375 1274 1407 velut
1298 1375 1406 1410 hostia

370 1420 535 1460 religionis
556 1420 643 1462 jura,
1070 1422 1125 1454 hic
1150 1423 1258 1456 laudis
1283 1424 1460 1467 immolata,

368 1467 435 1500 fide
455 1468 644 1507 plenissima
666 1477 830 1510 succensa,
1073 1470 1202 1504 Christo
1227 1472 1362 1505 victima
1386 1475 1581 1515 gratissima.

288 1528 342 1561 73,
369 1527 479 1566 Atque
503 1526 613 1567 specie
637 1525 775 1559 rutilans
987 1528 1045 1561 7b.
1068 1527 1166 1561 Plebs
1193 1528 1282 1562 facta
1308 1530 1423 1571 quibus
1454 1533 1588 1566 credula

368 1575 402 1606 in
427 1572 513 1606 facie
537 1574 684 1615 angelica
1069 1576 1201 1610 amabat
1226 1578 1302 1611 diva
1326 1581 1459 1622 monita,

369 1621 497 1655 ferebat
523 1623 632 1655 dulcia
657 1621 788 1664 famina,
1067 1624 1139 1657 Deo
1164 1630 1341 1667 sanctoque
1364 1627 1540 1663 illustrata.

751 1683 783 1715 8.
810 1681 917 1721 Hujus
942 1685 980 1714 ut
1004 1683 1058 1714 hic
1084 1691 1241 1723 corporea

811 1730 905 1763 nobis
932 1731 1109 1763 salubriter

810 1778 962 1818 splendet
987 1780 1184 1823 praesentia,

812 1827 901 1859 coelo
925 1829 1014 1860 socia

813 1875 861 1907 sic
885 1874 942 1908 fiat
968 1877 1082 1918 gloria.

362 1950 451 1979 Grad.
479 1959 533 1979 ms.
557 1951 587 1979 S.
613 1950 718 1979 Albini
746 1959 824 1978 saec.
854 1949 899 1978 11.
922 1951 993 1980 Oocl.
1014 1953 1221 1989 Andegavens.
1249 1952 1297 1982 89.
1315 1969 1354 1974 --
1375 1955 1435 1992 213,
1458 1955 1474 1985 1
1500 1956 1626 1986 laudant.

282 1990 338 2018 Hs.
361 2005 396 2009 —
421 1987 475 2023 5b,
498 1988 514 2017 1
536 1990 588 2018 Sic
608 1998 676 2017 cum
695 1988 751 2017 Hs.

703 2082 765 2114 162.
806 2082 851 2113 De
872 2083 985 2114 sancta
1004 2083 1199 2123 Aldegunde.

285 2154 341 2187 la.
369 2153 573 2193 Aldegundis
600 2152 658 2184 sub
683 2152 807 2186 honore
985 2154 1044 2188 lb.
1068 2155 1157 2194 Quae
1182 2157 1341 2191 virtutum
1368 2161 1497 2202 pollens
1522 2160 1603 2194 flore

370 2200 576 2234 Celebremus
602 2201 657 2241 pio
686 2209 778 2233 more
1070 2203 1197 2238 Christo
1223 2207 1310 2239 vixit
1333 2208 1369 2240 in
1396 2219 1507 2243 amore

415 2249 560 2290 Virginis
586 2249 753 2290 solemnia,
1116 2252 1213 2286 Nunc
1238 2258 1315 2288 ovat
1338 2256 1373 2288 in
1399 2258 1513 2298 gloria.

283 2308 340 2339 2a.
366 2306 459 2338 Haec
483 2306 618 2338 miserta
641 2305 831 2338 miserorum
983 2309 1045 2342 2b.
1069 2309 1242 2352 Cordaque
1270 2313 1491 2348 desolatorum

362 2354 565 2387 Medicinam
591 2355 647 2386 dat
674 2354 831 2395 dolorum,
1066 2358 1168 2393 Ducit
1192 2361 1238 2393 ad
1261 2361 1376 2393 salutis
1402 2363 1532 2397 thorum

417 2401 565 2440 Cujusvis
591 2402 657 2434 sint
681 2402 819 2442 genem,
1114 2406 1206 2440 Dans
1230 2409 1376 2441 solamen
1399 2411 1538 2448 miseris.
