1652 2678
133 190 192 226 2a.

135 316 184 349 3a

646 97 813 133 -220
864 116 910 122 -—

219 191 321 233 Spina
345 194 463 235 gravis,
493 193 552 227 flos
578 194 697 236 suavis,

269 239 359 274 Dans
384 242 516 275 odorem
540 244 725 286 maximum,

186 342 193 350 .
219 317 312 351 Haec
337 321 456 361 creata,
482 323 654 361 procreata

266 366 319 398 Ex
343 367 447 409 regali
471 370 650 408 stemmate,

136 443 194 475 4a.
221 443 340 476 Matris
366 445 469 485 legem
494 448 620 486 patrem
638 453 747 487 regem

136 567 185 600 5a

134 692 191 725 6a.

271 490 404 531 Sprevit
425 493 465 525 ab
490 493 593 534 initio,

188 594 194 600 .
222 567 419 612 Temporali,
446 569 587 610 spiritali

265 614 406 655 Repleta
429 617 575 658 scientia,

220 691 278 732 Qui
305 693 451 724 conversi
474 693 618 727 universi

268 739 333 772 Pro
360 740 488 773 Christo
511 742 704 784 martyrium

135 816 191 850 va.
218 816 265 849 Et
287 816 432 857 reginam
456 817 500 850 ad
527 817 668 851 divinam

129 943 186 975 Sa.

132 1068 184 1101 9a

267 863 388 905 Legem
413 873 484 897 cum
509 866 693 907 Porphyrio

213 941 432 984 Desponsata,
459 942 610 984 copulata

269 988 399 1023 Christo
425 991 495 1031 regi
521 991 673 1030 omnium,

188 1095 196 1102 .
222 1067 348 1099 Mundo
368 1067 431 1099 isto
456 1070 579 1099 castam
606 1066 734 1100 Christo

265 1115 434 1148 Exhibens
460 1124 497 1147 se
521 1115 689 1156 virginem,

110 1192 155 1226 10
163 1201 192 1224 a.
221 1192 452 1225 Blandimenta
476 1191 530 1225 vel
555 1194 729 1232 tormenta,

110 1317 193 1351 lla.

112 1442 194 1475 iza.

112 1568 156 1602 13
164 1577 194 1600 a.

111 1695 193 1728 14a.

112 1821 194 1854 15a.

111 1947 156 1980 16
163 1955 192 1978 a.

109 2072 194 2105 172..

267 1240 356 1280 Quae
382 1249 454 1272 cum
480 1239 545 1272 fine
570 1242 749 1278 transeunt,

218 1317 414 1359 Jejunando,
440 1317 611 1350 tolerando

267 1364 396 1407 Fames,
425 1365 576 1405 claustra,
601 1365 748 1406 verbera,

219 1441 290 1474 Nec
315 1445 461 1475 rotarum
485 1442 722 1475 horrendarum

267 1490 409 1523 Terrore
435 1490 626 1531 concutitur,

223 1567 292 1607 Qua
315 1570 468 1600 versante
493 1576 534 1600 ex
558 1567 709 1600 adstante

267 1615 431 1657 Principis
457 1614 582 1648 familia

221 1693 316 1734 Quod
332 1702 392 1726 rex
406 1693 522 1726 videns
538 1702 595 1725 ore
607 1692 750 1725 stridens

267 1741 369 1775 Totus
396 1742 502 1782 eoepit
525 1739 674 1784 fremere,

220 1821 310 1861 Quae
333 1821 497 1860 precatur,
524 1819 721 1852 concedatur

266 1868 309 1902 Ei
337 1876 452 1909 preces
478 1867 635 1908 fundere:

219 1945 308 1986 Ergo
331 1946 430 1986 laeta,
455 1944 523 1979 fide
547 1943 644 1989 freta,

268 1993 386 2027 Gladio
412 1993 622 2034 submittitur,

220 2071 337 2104 Monte
362 2070 443 2104 Sina
466 2069 653 2103 Katharina

263 2118 317 2152 Ab
343 2119 466 2160 angelis
492 2117 651 2159 conditur,

109 2197 154 2231 18
162 2205 191 2229 a.
218 2196 308 2236 Quae
334 2206 394 2229 nos
417 2195 466 2227 ita
487 2196 523 2227 in
547 2194 610 2227 hae
632 2193 701 2227 vita

266 2243 364 2277 Juvet
384 2245 472 2285 juste
495 2244 617 2282 vivere,

831 195 892 229 2b.
913 194 1023 227 Radix
1046 194 1143 234 perit,
1169 202 1277 226 ramus
1304 195 1387 235 gerit

962 242 1119 275 Fructum
1144 242 1379 277 suavissimum.

834 319 894 354 3b.
917 319 979 352 Est
1002 322 1128 360 renata,
1154 322 1343 352 consecrata

963 369 1003 401 In
1030 367 1151 402 Christi
1175 367 1379 409 baptismate,

830 444 891 478 41),
915 444 959 477 Se
983 444 1121 486 subegit,
1147 454 1241 485 quem
1267 445 1362 486 elegit

963 493 1095 526 Domini
1120 494 1264 527 servitio.

831 569 893 605 5b.
917 569 1116 611 Confutavit,
1141 570 1200 603 sed
1223 570 1361 603 mutavit

966 618 1155 659 Sapientum
1180 617 1299 651 studia.

831 694 892 730 6b.
912 695 1123 728 Pertulerunt
1146 698 1179 727 et
1204 695 1352 728 fecerunt

962 743 1015 777 De
1039 753 1074 776 se
1098 743 1303 777 sacrificium.

832 819 892 853 7b.
916 819 1153 861 Convinctavit,
1179 830 1258 861 quos
1283 819 1412 854 necavit

965 868 1152 901 Maxentius
1177 869 1296 909 gladio.

834 943 894 976 8b.
919 942 1094 976 Recusavit
1118 952 1179 977 nec
1203 944 1324 984 juravit

966 990 1131 1031 Principis
1157 991 1346 1033 conjugium.

835 1066 894 1100 9b.
916 1067 1016 1107 Quem
1041 1067 1202 1108 promisit,
1225 1077 1284 1100 rex
1309 1067 1424 1100 derisit

967 1115 1111 1148 Auream
1134 1115 1318 1157 imaginem.

811 1191 895 1226 iob.
916 1191 1039 1225 Mentis
1063 1195 1186 1226 statum
1209 1192 1385 1225 solidatum

967 1241 1178 1274 Gommovore
1202 1244 1376 1282 nequeunt.

812 1316 894 1351 lib.
917 1317 993 1350 Non
1013 1320 1063 1349 est
1087 1320 1175 1350 mota
1198 1327 1291 1351 mens
1317 1318 1435 1352 devota

968 1365 1143 1405 Suspirans
1166 1366 1210 1399 ad
1235 1375 1364 1406 supera.

811 1442 896 1476 12b.
918 1441 987 1482 Qua
1010 1446 1167 1484 precante
1192 1447 1288 1476 vento
1315 1442 1412 1477 flante

966 1491 1123 1524 Machina
1147 1490 1372 1533 confringitur.

811 1567 895 1602 131³.
918 1568 1127 1601 Consternati
1152 1571 1185 1600 et
1208 1568 1318 1601 necati

967 1616 1051 1649 Sunt,
1075 1620 1214 1657 quatuor
1238 1616 1340 1650 milia.

811 1693 894 1727 14h.
916 1693 963 1725 Et
985 1693 1116 1735 puellae
1140 1694 1257 1735 plenus
1282 1692 1362 1726 felle

967 1742 1067 1776 Jubet
1094 1745 1192 1783 caput
1214 1743 1340 1777 tollere.

810 1819 895 1854 1512.
915 1819 1001 1852 Tum
1024 1820 1142 1861 oravit,
1166 1820 1367 1861 impetravit,

967 1868 1134 1909 Quidquid
1158 1869 1260 1901 vellet
1283 1872 1406 1909 petere.

810 1945 895 1980 1613.
914 1946 1007 1978 Bono
1031 1954 1125 1977 more
1147 1954 1209 1986 pro
1232 1955 1349 1978 cruore

965 1993 1035 2026 Lac
1058 1993 1189 2026 niveum
1214 1992 1376 2030 funditur.

810 2070 852 2103 17
860 2070 893 2103 b.
914 2069 969 2102 De
979 2079 1045 2111 qua
1053 2079 1190 2104 manans
1201 2080 1317 2113 aegros
1326 2082 1447 2106 sanans

966 2119 1078 2152 Oleum
1105 2120 1282 2161 egreditur.

807 2194 894 2229 181).
912 2195 1452 2238 Utadmontem‚sanetumfontem

962 2245 1127 2278 Possimus
1152 2248 1344 2282 ascendere.

187 2339 273 2368 Miss.
288 2348 343 2367 ms.
358 2339 388 2368 S.
402 2339 507 2368 Albini
522 2347 600 2368 saec.
617 2337 662 2367 15.
681 2337 752 2366 eod.
768 2337 976 2375 Audegavens.
991 2338 1039 2369 86.
1050 2341 1118 2369 —7
1127 2350 1153 2377 a,
1173 2340 1188 2369 1
1200 2343 1243 2371 Ut
1256 2344 1402 2379 reginam.
1412 2360 1453 2366 —-

108 2377 164 2412 Ἡ),
190 2376 205 2405 1
227 2379 420 2407 convinctare
438 2378 571 2414 Bildung
590 2387 651 2406 von
671 2378 847 2405 convincere
867 2376 1014 2414 (vinctor).
1038 2395 1074 2399 —
1097 2378 1168 2414 1412,
1193 2378 1208 2407 1
1229 2382 1274 2410 Ut
1293 2383 1424 2418 puellae.
