1652 2678
714 98 977 135 —261—

194 195 254 230 Ba.
283 195 375 228 Haec
399 197 575 229 ostendunt
600 198 669 238 ejus
697 196 792 238 facta,
897 198 957 233 8b.
981 197 1103 230 Videns
1113 206 1237 241 caecus,
1248 198 1510 240 loquensmutus,

281 243 378 277 Prius
402 245 521 279 cadens
546 248 710 279 retroacta
981 246 1122 279 Claudus
1151 255 1296 288 gressum
1322 248 1511 279 consecutus

281 292 327 324 Et
350 294 481 334 puellae
506 294 652 327 membra
676 297 773 328 nacta
980 295 1023 327 Et
1050 293 1222 328 defunctus
1247 295 1414 327 restitutus

331 340 475 374 Salutem
507 342 638 376 debilia.
1028 343 1122 375 Vitae
1141 344 1212 377 vice
1235 343 1344 376 tertia.

196 399 254 432 9a.
283 399 308 432 Ο
332 399 431 432 beata
454 400 558 434 virtus
583 401 655 442 viri,
899 401 959 436 9b.
983 401 1043 442 Qui
1068 410 1124 434 cor
1146 402 1270 435 habens
1294 402 1330 434 in
1356 401 1485 442 divinis,

284 446 343 480 Cui
368 457 430 489 par
454 449 566 490 nequit
590 450 740 490 inveniri,
981 450 1063 490 Legi
1090 451 1196 483 carnis
1221 459 1286 483 non
1309 450 1453 491 acclinis,

283 495 385 535 Quem
410 497 444 529 in
467 498 567 530 tantis
594 498 743 530 exaudiri
983 497 1095 530 Sciens
1120 499 1234 531 horam
1259 499 1309 531 sui
1333 497 1407 531 finis

330 545 470 578 Reserat
493 546 639 580 historia.
1029 546 1154 587 Migrat
1182 547 1224 579 ad
1252 547 1413 579 coelestia.

174 603 218 636 10
228 612 257 637 a.
284 603 349 636 Hic
376 604 417 636 de
442 604 561 636 mundo
587 604 726 636 mundus
751 604 799 636 ita
875 603 957 637 10b.
981 603 1077 636 Nunc
1101 604 1136 637 in
1162 605 1259 637 choro
1280 605 1467 646 angelorum

281 651 429 692 Migrans
455 652 506 684 vir
530 652 692 692 Israelita,
981 652 1127 686 Adstans
1159 653 1255 686 decus
1281 651 1511 693 confessorum,

281 699 367 732 Dum
399 700 555 732 transiret
580 700 620 732 ab
646 700 709 732 hac
733 700 812 743 vita,
983 699 1080 732 Sume
1104 704 1181 734 vota
1205 702 1416 744 servulorum,

282 748 482 789 Angelorum
508 750 557 780 est
582 747 695 780 audita
982 749 1047 781 Per
1081 757 1163 789 quae
1187 749 1280 782 nobis
1305 752 1514 790 peccatorum

329 796 367 829 In
394 796 492 828 coelis
518 796 696 828 harmonia.
1030 796 1136 830 Detur
1160 798 1372 838 indulgentia.

248 863 333 890 Miss.
360 872 413 891 mr..
434 863 562 891 Martini
581 864 747 891 Turonens.
772 871 850 891 saec.
876 861 920 891 151.
943 863 1014 891 Cocl.
1035 863 1200 893 Turonens.
1223 862 1287 892 194.
1313 864 1347 892 A.
1369 879 1406 883 ——
1426 864 1512 892 Misa.

168 910 225 929 ms.
255 900 285 929 S.
312 901 437 929 Martini
458 902 624 930 Turonens.
655 910 733 930 saec.
762 900 807 930 15.
830 902 902 930 Cod.
923 902 1088 930 Turonens.
1118 901 1183 931 195.
1203 903 1238 930 Β.
1260 919 1298 923 -
1319 901 1395 937 10a,
1422 901 1440 930 2
1468 904 1514 930 vir

171 940 247 968 fehlt
266 940 302 967 A.
325 956 362 960 —
382 940 468 969 MeL:
487 941 607 968 Laudes
630 942 736 969 crucis.

557 1014 626 1046 346.
666 1015 703 1047 ln
724 1015 919 1047 Revorsione
940 1023 964 1046 s.
985 1014 1124 1047 Martini.

172 1072 228 1106 la.
255 1072 359 1105 Laeta
387 1071 455 1104 dies
482 1074 515 1103 et
537 1072 657 1112 votiva,
875 1071 934 1105 lb.
957 1072 1166 1105 Exsultemus
1194 1077 1226 1106 et
1250 1073 1418 1113 laetemur,

254 1120 334 1152 Dies
357 1118 453 1160 festa,
481 1120 551 1152 dies
577 1129 671 1160 nova,
957 1120 995 1152 In
1021 1120 1084 1152 hac
1110 1120 1162 1153 die
1186 1121 1370 1162 gloriemur,

305 1167 401 1201 Nova
426 1166 530 1200 refert
555 1168 691 1209 gaudia3
1004 1168 1186 1210 Concrepet
1210 1169 1360 1203 melodia.

166 1229 228 1260 2a.
255 1226 352 1258 Mens
374 1225 493 1266 jubilet
518 1226 708 1268 medullata,
872 1225 931 1259 ab.
955 1226 1042 1258 Laus
1069 1230 1218 1267 erumpat
1238 1227 1343 1259 libera

253 1274 325 1307 Vox
350 1274 487 1307 resultet
511 1274 688 1314 modulata,
956 1274 1059 1307 Vivae
1084 1275 1172 1307 vocis
1198 1283 1307 1316 opera,

302 1322 467 1356 Martinus
494 1322 688 1362 revertitur3
1002 1322 1165 1355 Martinus
1197 1323 1367 1363 excipitur.

165 1383 225 1415 33,-
253 1381 294 1413 Vi
319 1381 479 1413 bellorum
506 1380 643 1420 abierat,
870 1380 932 1413 31).
956 1379 1024 1419 Quo
1050 1379 1203 1412 tardente
1228 1380 1346 1412 crescit
1369 1380 1475 1411 luctus

251 1429 452 1470 Deportatus
479 1429 658 1469 exstiterat,
953 1427 1087 1460 Maeror
1114 1429 1202 1470 cleri,
1229 1428 1337 1469 gravis
1356 1430 1507 1469 quaestus

301 1478 385 1510 Tota
407 1478 498 1518 luget
521 1477 621 1519 regio,
1004 1476 1158 1516 Corporis
1185 1476 1309 1511 exsilic.

165 1537 225 1570 4a.
252 1536 282 1569 E
310 1536 438 1568 diverso
464 1535 581 1575 plausu
605 1534 688 1567 miro
868 1533 928 1568 4b.
951 1534 1080 1568 Cedunt
1105 1543 1205 1576 arma,
1232 1543 1298 1575 pax
1322 1534 1484 1575 redditur,

249 1584 439 1617 Exsultavit
463 1584 526 1616 hoc
549 1583 702 1615 thesauro
952 1582 1135 1624 Margarita
1158 1583 1353 1624 reposcitur,

301 1632 389 1665 Urbs
417 1631 640 1666 Antisiodora.
1001 1632 1137 1664 Praesul
1164 1631 1254 1664 urbis
1281 1632 1398 1665 renuit.

166 1692 223 1724 5a.
251 1690 339 1723 Turo
363 1699 472 1730 regem
492 1690 694 1732 interpellat,
868 1689 928 1723 5b.
952 1688 1018 1729 Spe
1045 1687 1195 1722 frustrati
1220 1689 1269 1721 sic
1293 1689 1440 1729 redeunt,

251 1738 361 1771 Reddi
386 1747 545 1779 gemmam
567 1741 603 1769 ut
622 1737 805 1778 compellat,
951 1736 1018 1778 Spe
1043 1735 1118 1769 fulti
1144 1737 1309 1770 Christum
1334 1737 1472 1770 adeunt:

300 1787 425 1819 Petisse
449 1786 496 1818 nil
519 1784 652 1826 profuit.
1000 1785 1101 1818 Adsis
1126 1785 1220 1818 nobis
1247 1785 1393 1819 coelitus.

163 1847 223 1880 62.
250 1845 341 1878 Audi
364 1854 488 1886 preces,
516 1844 668 1887 suspiria,
869 1843 928 1878 6b.
950 1843 1001 1876 Mi
1027 1843 1146 1876 dilecte
1171 1846 1347 1884 revertere,

251 1894 299 1927 Te
321 1893 460 1927 Martini
484 1892 640 1925 memoria
953 1892 978 1925 O
1003 1891 1157 1933 Martius,
1185 1895 1359 1933 revertere,

299 1942 413 1976 Nostri
436 1944 571 1983 tangant
597 1941 744 1982 gemitus
1001 1941 1148 1981 Propera
1172 1941 1325 1974 velocius.

167 2003 223 2036 72.
252 2001 307 2035 Sic
329 2001 513 2034 exclamant
537 2008 598 2032 nec
622 2000 796 2041 incassum,
869 1998 929 2032 7b.
953 1997 1083 2031 Vadam
1108 1998 1190 2040 ipse,
1218 2002 1250 2030 et
1274 1998 1428 2031 reducam

249 2051 357 2083 Adest
380 2052 497 2091 potens
525 2049 647 2089 dicens,
676 2057 783 2081 assum
953 2047 1072 2081 Sacrae
1097 2047 1209 2080 domus
1235 2047 1331 2087 hujus
1356 2056 1475 2087 arcam,

299 2099 413 2132 Comes
438 2098 652 2140 Ingelgerius.
1001 2096 1034 2128 It
1058 2096 1317 2129 Antisiodorum.

164 2159 222 2194 Sa.
249 2158 335 2191 Dum
361 2156 505 2197 festinat,
535 2157 639 2189 clerus
667 2158 748 2198 orat,
868 2154 927 2189 8b.
952 2154 1066 2188 Comes
1082 2154 1193 2195 instat,
1219 2154 1362 2186 reddant
1379 2162 1507 2194 corpus,

248 2206 347 2241 Plebs
373 2207 502 2247 jejunat
527 2209 561 2237 et
587 2205 754 2245 deplorat:
952 2203 1070 2244 Datur,
1103 2201 1215 2235 ferunt
1239 2206 1366 2244 gratum
1391 2211 1482 2246 opus,

296 2256 390 2298 Veni,
416 2257 512 2296 pater
536 2262 726 2295 pauperum.
998 2251 1174 2284 Deducunt
1198 2260 1270 2284 cum
1294 2251 1456 2285 laudibus.

162 2318 221 2350 9a.
247 2315 357 2349 Intrat
380 2316 495 2355 pastor
520 2312 732 2354 provinciam,
869 2311 928 2346 9b.
951 2310 1096 2344 Martino
1121 2310 1322 2351 repatriante

248 2364 338 2398 Grex
362 2373 438 2396 mox
463 2362 564 2395 sentit
587 2361 808 2402 praesentiam
952 2359 1088 2399 Dextra,
1116 2358 1220 2397 laeva,
1246 2361 1322 2400 post
1347 2362 1379 2391 et
1404 2361 1481 2391 ante

293 2413 459 2447 Mirandis
485 2410 670 2446 virtutibus.
999 2406 1136 2442 Morbus
1163 2408 1251 2442 cedit
1275 2408 1410 2450 gratiae.
