1652 2678
678 0 945 37 —198—

148 104 207 137 52.
233 100 362 135 Furens
386 102 505 143 ubique
529 102 673 141 mandat,

231 159 388 191 quaerens
414 150 537 184 Christi
558 149 683 190 jugula,

227 199 385 231 trucidari
408 198 516 230 omnia

229 255 403 288 puerorum
428 246 557 287 agmina

229 303 250 327 a
274 294 398 327 bimatu
420 296 453 326 et
474 291 571 325 infra.

149 354 206 387 6a.
234 351 369 393 Semper
394 348 618 383 erudelissima

844 96 904 131 510.
926 95 1053 128 Horum
1077 96 1204 136 vagitus
1230 95 1299 126 alta

924 142 1106 176 scandebat
1129 142 1173 175 ad
1195 142 1307 175 sidera

926 190 1112 231 passimque
1137 189 1211 222 fusa
1235 198 1296 230 per
1321 194 1403 218 arva

922 237 1079 279 jacebant
1104 237 1306 278 corpuscula,

925 285 1027 319 hostis
1049 285 1108 318 sed
1132 285 1317 317 immanitas

842 343 902 378 fib.
925 343 1000 375 Non
1025 341 1183 375 horrebat
1205 341 1296 375 talia.

489 406 518 438 7.
545 404 612 444 Ipsi
637 412 724 437 nune
751 411 822 435 cum
847 401 969 435 sanetis
994 400 1106 433 lueida

548 452 631 485 coeli
654 449 863 492 perfruamur
888 448 1003 492 gloria,

549 508 686 542 quorum
712 507 811 540 prece
835 497 1008 538 indulgeat,

547 548 641 581 nobis
667 547 835 588 Dominus,
864 546 919 588 qui
942 553 1074 586 semper
1098 546 1225 585 regnat.

223 626 342 654 Proser.
362 632 418 653 ms.
438 624 641 652 Laudunense
660 632 738 652 sace.
762 621 807 652 12.
829 622 902 651 cod.
915 622 1109 651 Laudunens.
1127 618 1194 650 263.
1216 636 1251 641 -
1274 620 1334 649 Str.
1354 618 1373 649 6
1395 619 1491 657 heingt

147 675 150 679 ·
186 667 204 693 ,ἡ
222 663 241 692 5
261 663 340 692 ohne
359 663 470 691 Alinea
488 671 661 691 zusammen
681 662 736 691 Hs.

537 767 605 799 264.
645 766 690 799 De
711 774 752 798 ss.
773 765 917 799 Joaehim
939 766 972 797 et
990 765 1091 797 Anna.

147 840 203 873 1a.
232 838 325 872 Omni
350 837 447 871 laude
472 842 581 872 mente
606 842 675 871 tota

231 887 348 919 Annae
373 887 504 928 plaude,
531 896 609 928 gens
637 888 764 927 devota,

276 934 415 967 Exsulta
440 935 596 976 tripudio,

146 994 203 1026 2a.
233 991 381 1025 Christus
407 993 456 1025 soi
482 997 532 1026 est
552 993 709 1034 justitiae,

227 1039 329 1082 Virgo
351 1040 430 1074 luna
453 1038 642 1083 munditiae,

279 1089 383 1121 Plena
408 1089 485 1122 solis
511 1090 624 1131 1·adio;

147 1147 202 1180 Sa.
229 1146 396 1187 Numquid
418 1149 508 1179 astra
532 1149 609 1180 sunt
634 1148 761 1189 cognati

229 1193 378 1227 Filiabus
403 1195 519 1227 Annae
543 1196 612 1228 nati

276 1242 412 1275 Duobus
438 1243 620 1286 conjugiis?

147 1302 205 1335 4a.
231 1300 313 1332 Tres
332 1299 469 1342 Marias,
494 1301 601 1342 Anna,
628 1303 729 1343 paris,

232 1348 354 1381 Tribus
379 1348 495 1388 quibus
522 1351 684 1390 copularis

284 1395 372 1429 Viris
397 1397 621 1440 matrimoni03

150 1456 207 1488 5a.
239 1453 340 1487 'santo
367 1454 481 1495 dignus
508 1464 542 1488 es
571 1457 703 1499 honore,

235 1502 261 1535 Ο
287 1502 446 1544 Joaehim,
472 1504 531 1537 sed
556 1513 598 1537 ex
621 1515 712 1539 more

283 1550 488 1584 Honoramus
515 1551 670 1595 feminas3

153 1610 213 1642 6a.
239 1608 338 1650 Regis
363 1609 471 1644 David
501 1613 665 1656 progenie,

237 1657 356 1691 Sancte
381 1663 475 1700 pater
501 1661 629 1702 eximie,

286 1705 366 1739 Cum
388 1708 492 1741 trahis
518 1709 686 1751 originem,

156 1765 174 1798 7
182 1773 211 1797 a.
240 1764 310 1804 Qua
333 1768 471 1800 naturae
495 1777 595 1808 supra
616 1770 692 1810 jura

238 1812 295 1845 Fit
317 1819 444 1848 creator
470 1819 620 1851 ereatura

286 1862 458 1897 Hominem
485 1864 654 1907 deificans,

157 1920 212 1954 Sa,
243 1919 321 1953 Cum
346 1922 524 1962 praedictis
549 1924 630 1956 hora
652 1924 766 1956 mortis

240 1967 291 2002 Sit
314 1970 395 2003 haee
419 1971 513 2004 nobis
538 1972 629 2013 pugil
654 1971 749 2005 fortis

287 2017 445 2060 Fugando
473 2020 653 2064 daemonia,

845 838 904 872 1b.
928 837 1044 878 Astra,
1070 835 1150 878 poli,
1177 835 1227 869 sol
1253 838 1286 867 et
1309 835 1397 875 luna,

929 884 1042 926 Stella,
1071 885 1153 918 coeli
1179 886 1297 917 sonent
1321 892 1386 916 una

975 933 1105 967 Mariae
1131 941 1203 966 eum
1224 932 1303 965 filio.

844 993 906 1029 2b.
927 992 1055 1026 Lunam
1079 990 1210 1033 profert
1233 992 1333 1024 Anna
1357 990 1464 1032 steila,

932 1040 1038 1075 Solem
1064 1041 1144 1073 luna
1169 1039 1294 1074 ventris
1321 1039 1405 1072 cella

979 1090 1059 1123 Cum
1085 1088 1221 1130 pudoris
1247 1088 1328 1123 lilio.

846 1147 905 1183 310.
928 1148 981 1181 An
1007 1147 1123 1182 [iacobi
1150 1156 1222 1179 eum
1246 1147 1406 1186 Johanne‚

931 1196 1052 1237 Simon,
1079 1196 1194 1236 midas»,
1215 1195 1351 1237 Joseph,
1372 1197 1490 1229 Annae

976 1245 1104 1278 Micant
1128 1243 1312 1277 natalitiis?

847 1303 908 1337 4b.
932 1302 981 1336 Te
1005 1302 1152 1335 sterilem
1176 1303 1231 1335 lex
1257 1303 1414 1346 culpavit,

932 1350 982 1384 Te
1002 1350 1152 1385 Joachim
1178 1350 1370 1385 fecundavit,

980 1399 1085 1433 Misso
1112 1399 1193 1432 coeli
1218 1401 1342 1433 nuntio.

849 1456 910 1492 5b.
931 1457 1058 1491 Horum
1081 1457 1206 1498 primus
1234 1467 1268 1491 es
1292 1458 1430 1500 genitor,

934 1506 981 1540 Et
1003 1507 1157 1547 praevius
1183 1508 1278 1548 quasi
1301 1507 1402 1549 nitor,

982 1555 1079 1588 Hanc
1094 1555 1221 1596 prolem
1237 1558 1315 1596 post,
1331 1558 1364 1588 te
1375 1556 1493 1590 minas,

851 1613 910 1647 6b.
933 1613 1073 1647 Judaiea
1098 1615 1255 1656 prosapia

936 1662 1019 1696 Ort-a
1043 1660 1107 1695 fuit,
1131 1663 1229 1696 Anna
1250 1664 1317 1707 pia,

986 1710 1094 1745 Ambo
1119 1711 1256 1754 gignunt
1281 1712 1453 1753 virginem.

855 1768 913 1803 7b.
938 1769 992 1802 Ex
1018 1779 1081 1810 qua
1107 1768 1242 1802 verbum
1266 1769 1472 1803 incarnatum

938 1819 970 1850 A
995 1818 1132 1853 Judaeis
1157 1817 1371 1858 reprobatum

988 1866 1050 1899 Est
1073 1867 1154 1899 orbe
1177 1868 1247 1899 toto
1270 1867 1406 1900 micans.

857 1923 915 1957 8b.
938 1925 1004 1957 Per
1029 1924 1114 1957 hane
1137 1926 1231 1964 patet
1254 1925 1323 1965 poli
1348 1929 1455 1967 porta,

941 1972 1009 2004 Nos
1018 1972 1083 2005 hue
1091 1981 1163 2005 eum
1170 1972 1231 2013 his,
1244 1972 1383 2014 Christe,
1391 1977 1500 2017 porta,

991 2020 1134 2061 Quorum
1158 2024 1236 2054 sunt
1258 2024 1445 2062 praeconia.

233 2085 320 2114 Miss.
343 2094 397 2114 ms.
420 2086 633 2115 Oameraeense
653 2095 730 2115 saec.
754 2084 799 2114 14.
822 2086 895 2116 006.
917 2086 1122 2116 Cameracens.
1148 2085 1212 2117 123.

514 2190 583 2223 265.
624 2190 660 2222 In
679 2188 857 2222 Nativitate
879 2198 904 2222 s.
926 2189 1079 2225 Johannis
1099 2191 1133 2223 B.

593 2264 623 2297 1.
651 2261 814 2295 Salvantis
840 2262 950 2295 saecla

650 2310 765 2346 laudes
790 2309 932 2354 celebra,
958 2311 1041 2353 lyra,
