1652 2678
777 97 823 101 -
874 77 922 112 73
973 97 1017 102 ,-

659 171 705 202 93.
746 170 779 201 ln
802 170 1028 202 Purificatione
1050 170 1139 201 BMV.

230 243 287 275 121.
314 241 403 274 Rosa
427 242 524 282 veriS,
548 242 720 282 paradisus
928 241 988 276 Ib.
1011 241 1073 273 Est
1097 240 1216 281 Maria,
1244 250 1335 273 mons
1361 241 1540 282 praevisus,

310 289 357 322 Et
380 290 525 323 Libanus
550 299 615 322 non
639 290 771 330 incisus,
1014 289 1062 321 De
1089 299 1150 330 quo
1176 289 1262 329 lapis
1288 292 1338 322 est
1362 288 1518 326 abscisus,

359 338 427 378 Quo
453 337 573 378 fraglat
600 338 748 377 eeclesia,
1061 338 1123 378 Qui
1150 335 1248 378 fregit
1271 337 1446 378 sculptilia.

227 397 284 430 22.
314 395 394 428 Orta
418 395 522 437 fulget
545 396 616 428 Deo
643 398 746 437 grata,
929 394 988 429 2b.
1013 395 1133 427 Munus
1158 404 1276 428 novum
1303 397 1400 429 datur
1426 395 1466 429 ei.

310 444 408 476 Prius
433 446 557 483 sancta,
585 453 680 484 quam
706 443 748 475 sit
771 446 859 475 nata.
1016 444 1117 483 Quam
1144 443 1192 476 sic
1216 445 1353 477 mundat
1375 444 1480 476 virtus
1502 443 1566 476 Dei

361 491 460 525 Soror
487 494 600 524 nostra
623 491 771 533 parvula,
1063 492 1116 524 Ab
1143 492 1280 533 antiqua,
1301 492 1438 525 macula.

228 551 286 583 3a.
314 549 435 582 Sancta
458 549 548 591 virgo
571 550 695 590 purior,
932 549 993 583 ssb.
1017 549 1173 584 Nascitur
1199 553 1230 582 et
1257 551 1409 592 concipit,

314 597 420 638 Super
442 606 552 630 omnes
580 598 696 630 celsior
1015 598 1136 631 Natum
1163 598 1267 640 offert,
1294 599 1413 641 accipit

362 646 502 679 Ordines
528 647 726 689 coelestium,
1066 648 1241 681 Aeternale
1266 648 1456 689 praemium.

634 706 669 738 4.
696 704 784 743 Quae
808 705 946 745 legalem
971 704 1060 738 subis
1086 714 1219 745 morem,

695 751 939 793 Triumphalem
965 754 1007 786 da
1031 755 1186 796 vigorem,

743 802 814 834 Fac
840 804 1005 835 consortes
1031 812 1193 844 superum.

307 867 392 894 Μία.
413 876 467 895 ms.
488 867 828 896 Romano-Francisean.
851 877 929 897 sace.
951 866 995 897 14.
1019 869 1090 898 Cod.
1114 871 1389 907 Carpentoraetens.
1416 870 1481 901 107.

665 981 713 1012 94.
753 980 786 1012 In
810 981 1035 1014 purificatione
1058 983 1145 1015 BMV.

234 1052 291 1085 la.
319 1051 482 1084 Decorata
933 1053 993 1089 ib.
1018 1054 1106 1087 Fons
1132 1056 1301 1088 hortorum

364 1100 498 1133 coelesti
522 1100 614 1133 solio.
1065 1112 1223 1145 aquarum
1245 1108 1374 1146 puteus,

315 1149 355 1181 In
381 1158 443 1189 quo
465 1157 582 1190 regnas
1019 1151 1080 1185 Via
1105 1152 1198 1192 lucis,

363 1206 428 1230 una
454 1206 525 1230 cum
550 1196 629 1234 filio,
1066 1201 1222 1241 splendor
1247 1202 1405 1240 sidereus,

315 1245 404 1278 Ante
430 1246 521 1286 cujus
1016 1249 1065 1281 Te
1091 1253 1268 1282 conventus

366 1298 572 1334 conspectum
601 1295 706 1335 venio,
1065 1298 1177 1330 laudat
1203 1298 1384 1333 aethereus.

412 1342 531 1375 Maria.
1111 1345 1229 1379 Maria.

232 1402 290 1434 2a.
318 1399 381 1432 Dei
404 1400 560 1441 templum
934 1402 993 1436 2b.
1017 1403 1120 1435 Tribu
1146 1404 1234 1438 Juda

363 1449 482 1490 regalis
513 1449 638 1485 civitas,
1066 1461 1211 1493 propago
1237 1453 1366 1494 nobilis,

319 1498 420 1536 Quam
446 1496 595 1530 fundavit
1017 1500 1179 1534 Universo

363 1546 438 1586 ipsa
461 1546 626 1579 divinitas.
1066 1549 1148 1582 orbe
1171 1549 1359 1586 laudabilis,

318 1593 369 1626 De
392 1598 435 1633 te,
461 1596 563 1635 virgo,
1019 1597 1119 1631 Porta
1144 1598 1222 1631 Sion

367 1647 438 1676 orta
465 1645 513 1676 est
534 1644 665 1678 veritas.
1066 1647 1338 1688 inexpugnabilis.

412 1691 530 1725 Maria.
1116 1696 1235 1729 Maria.

234 1751 289 1783 3a.
315 1749 363 1782 Te
390 1751 572 1791 scripturae
938 1751 996 1786 3b.
1020 1752 1084 1785 Per
1108 1757 1142 1786 te
1163 1754 1278 1786 mundi

365 1799 542 1839 loquuntur
565 1803 723 1832 veterum.
1072 1803 1171 1837 totius
1198 1802 1338 1842 domina,

320 1846 368 1879 Te
391 1845 549 1881 formator
1024 1850 1125 1890 Quam
1151 1854 1335 1884 sauctorum

370 1896 466 1937 elegit
491 1897 644 1936 siderum,
1074 1900 1262 1933 collaudant
1288 1902 1427 1944 agmina,

318 1944 383 1977 Per
407 1948 441 1976 te
465 1946 604 1978 mundus
1023 1949 1235 1982 Peccatorum

367 1994 495 2034 accepit
519 2003 667 2035 puerum,
1073 1998 1242 2030 solvuntur
1269 1999 1417 2036 erimina,

417 2041 535 2074 Maria.
1097 2046 1216 2079 Maria.

236 2098 294 2130 4a.
322 2098 373 2130 Tu
397 2100 545 2132 velamen
940 2103 1000 2136 4b.
1024 2103 1063 2136 In
1087 2107 1121 2136 te
1145 2109 1280 2146 sperant

369 2147 450 2188 legis
475 2148 510 2180 in
535 2148 643 2189 litera,
1074 2154 1172 2186 etiam
1197 2155 1318 2199 miseri,

325 2194 524 2229 Remansisti
1025 2201 1070 2234 Ut
1097 2203 1203 2244 erepti

372 2244 462 2285 virgo
486 2253 659 2288 puerpera,
1078 2251 1118 2283 de
1141 2250 1237 2284 fauce
1262 2254 1379 2288 tartari

320 2290 373 2323 Ex
398 2295 432 2324 te
456 2293 547 2325 venit
1025 2298 1148 2332 Natum
1173 2303 1265 2333 tuum

370 2339 427 2372 lux
452 2339 632 2386 salutifera,
1073 2351 1250 2389 sequantur
1272 2349 1379 2391 liberi,

417 2388 536 2423 Maria.
1123 2397 1241 2430 Maria.
