1652 2678
727 97 796 122 -,·
826 95 871 132 55
921 115 971 119 -

907 193 969 228 310.
991 192 1188 227 Confitentes
1213 202 1329 226 nomen
1352 193 1474 227 Christi

990 242 1043 275 Ex
1067 251 1129 282 quo
1156 251 1262 274 sumus
1287 241 1443 283 insigniti,

992 290 1170 324 Christiani
1195 299 1236 323 ex
1260 293 1294 322 te
1318 298 1445 330 quoque

994 338 1199 372 Gaudeamus
1227 347 1286 370 nos
1312 337 1423 371 fuisse.

204 193 263 227 ἔδει.
290 192 408 226 Sumus
434 193 566 235 quidem
591 197 780 235 peccatores

290 240 356 274 Sed
381 244 416 274 te
440 247 548 274 tamen
573 252 639 276 non
654 245 820 284 negantes,

287 290 482 323 Peccatores
507 290 588 324 licet
611 291 712 324 simus

289 337 337 370 Te
362 337 503 370 confessi
527 347 657 380 semper
681 348 800 373 sumus

202 406 225 438 4
234 414 264 438 a.
290 404 417 438 Nomen
426 409 517 438 tuum
527 407 613 446 quod
623 410 822 448 unguentum
908 406 967 441 4b.
991 406 1065 439 Non
1077 405 1181 446 nobis,
1198 405 1336 447 Christe,
1351 413 1414 437 non
1428 404 1521 437 nobis

290 453 394 487 Sonat
416 454 452 486 in
476 454 571 486 nobis
596 453 751 499 infusum,

290 502 369 535 Post
393 500 534 535 infusum
560 503 672 536 vinum
697 503 801 546 plagis

289 549 338 584 Ut
362 549 541 584 fomentum
566 551 722 585 lenitatis.

204 618 265 650 5a.
292 617 347 651 Ad
373 618 571 650 medendum

340 665 489 698 contritis
515 666 621 699 animo

290 713 501 747 Descendisti

341 762 446 803 patris
471 761 620 802 imperio.

206 831 264 863 Ga.
292 829 520 863 Poenitentum

337 878 447 918 placet
478 878 630 910 contritio

289 925 496 961 Infirmorum

339 978 372 1007 et
397 975 605 1017 supplicatio.

208 1044 265 1078 7a.
292 1042 426 1082 Quodsi,
453 1045 557 1083 pater,
580 1051 639 1075 nos
667 1042 794 1083 abjicis,

289 1090 381 1123 Audi
406 1094 544 1124 matrem
569 1098 630 1131 pro
656 1089 743 1131 filiis,

290 1139 423 1173 Prosint
446 1147 562 1180 preces
589 1138 755 1179 ecclesiae,

289 1187 382 1228 Quod
401 1197 467 1220 non
484 1190 651 1219 merentur
663 1187 819 1228 singulae.

206 1256 264 1289 821.
292 1254 411 1288 Matris
437 1255 571 1288 attende
596 1254 723 1295 merita,

287 1304 395 1337 Patris
420 1304 454 1335 in
479 1305 513 1334 te
538 1306 614 1335 sunt
637 1302 775 1339 viscera,

290 1351 383 1384 Sicut
405 1352 465 1385 ille
489 1352 532 1384 de
555 1350 694 1392 prodigo

291 1399 404 1433 Sermo
429 1400 594 1441 promittit
617 1397 696 1432 filio.

911 618 970 653 5b.

911 829 971 864 6b.

911 1041 971 1076 71).

994 454 1061 488 Sed
1084 454 1208 487 nomini
1229 456 1285 486 tuo
1314 453 1407 486 dabis

996 502 1143 536 Gloriam
1167 502 1271 535 nostri
1296 502 1458 540 misertus,

992 552 1023 583 A
1049 560 1111 592 quo
1138 550 1316 591 nuncupati
1340 558 1460 582 sumus.

995 618 1087 651 Sicut
1109 618 1215 659 liquit,

1041 674 1106 699 non
1130 665 1349 699 necessarium

997 713 1092 747 Sanis
1123 723 1194 747 esse

1046 762 1158 795 dixisti
1182 762 1354 797 medicum.

996 829 1062 863 Ubi
1087 829 1192 869 major

1042 880 1137 918 urget
1159 876 1318 917 anxietas,

1000 926 1110 967 Major
1133 925 1204 966 opis

1042 975 1128 1007 inest
1152 972 1341 1007 necessitas

994 1041 1057 1074 Illa
1081 1043 1198 1081 mater,
1224 1042 1260 1071 tu
1285 1042 1379 1079 pater
1405 1047 1452 1082 es,

993 1089 1058 1123 Illa
1082 1098 1212 1129 sponsa,
1238 1090 1275 1119 tu
1299 1095 1436 1128 sponsus
1464 1095 1507 1128 es,

993 1137 1099 1178 Hujus
1125 1144 1240 1177 preces
1267 1136 1295 1167 si
1320 1134 1457 1176 respuis,

994 1186 1135 1219 Cunctos
1162 1188 1256 1217 extra
1279 1192 1370 1224 spem
1389 1183 1524 1216 deseris,

965 1276 972 1284 .
998 1253 1052 1286 Ibi
1077 1251 1191 1285 fratris
1217 1251 1380 1291 susceptio

994 1301 1123 1334 Fratris
1151 1302 1200 1332 est
1226 1297 1418 1339 indignatio,

991 1349 1054 1382 His
1066 1352 1143 1382 sunt
1154 1346 1272 1380 fratres
1289 1356 1349 1387 pro
1369 1344 1526 1378 fratribus

993 1399 1032 1431 In
1058 1397 1173 1431 hostiis
1204 1398 1237 1429 et
1258 1395 1420 1435 precibus.

205 1469 262 1502 9a.
289 1468 369 1507 Vae,
397 1477 458 1500 vae
482 1467 575 1499 nobis
600 1466 728 1498 miseris
909 1464 969 1499 9b.
991 1464 1027 1497 Si
1051 1473 1121 1505 nos,
1152 1467 1258 1505 pater,
1285 1463 1410 1503 abjicis,

337 1517 419 1550 Sero
446 1514 699 1557 poenitentibus,
1043 1513 1105 1553 Qui
1132 1516 1190 1554 est,
1216 1512 1272 1554 qui
1292 1510 1460 1551 suscipiat,

290 1565 337 1598 Et
361 1574 423 1605 pro
446 1562 652 1605 negligentiis
994 1562 1064 1594 Aut
1089 1562 1117 1593 si
1142 1571 1201 1594 nos
1225 1559 1443 1602 persequeris,

336 1613 447 1646 Tarde
468 1612 538 1654 jam
563 1611 777 1653 gementibus,
1040 1609 1118 1651 Quis
1145 1613 1204 1651 est,
1231 1609 1285 1649 qui
1313 1607 1495 1640 subveniat.

178 1681 224 1715 10
234 1690 263 1714 a.
293 1680 378 1722 Heu,
405 1681 469 1714 heu
492 1679 642 1720 Domine,
890 1677 976 1712 101).
999 1677 1177 1710 Miseretur
1200 1675 1278 1710 filiis

341 1729 435 1769 Quod
470 1729 571 1761 creati
597 1727 727 1768 fuimus,
1045 1727 1144 1759 Pater
1168 1727 1245 1766 post
1268 1722 1402 1765 flagitia,

292 1778 328 1811 Si
352 1778 397 1810 sit
420 1777 645 1818 indulgentiae
996 1774 1100 1807 Nemo
1126 1774 1188 1806 tibi
1211 1772 1326 1806 similis

342 1826 437 1859 nobis
464 1825 593 1859 clausus
619 1825 737 1858 aditus.
1044 1823 1084 1856 In
1113 1821 1349 1854 misericordia.

182 1897 264 1930 lla.
292 1894 464 1936 Miserere,
489 1893 656 1932 miserere,
888 1890 971 1925 11b.
995 1889 1126 1923 Summe
1149 1892 1255 1931 pater,
1281 1887 1396 1921 summi
1423 1887 1527 1927 patris

338 1943 501 1976 Miserere
525 1942 640 1979 nostri,
1043 1939 1184 1981 Spiritus
1212 1940 1244 1971 et
1267 1936 1339 1970 filii.

185 2014 266 2046 12a.
293 2011 484 2045 Advocatus
510 2010 599 2051 apud
623 2011 752 2051 patrem
887 2010 931 2042 12
941 2007 972 2043 b.
995 2007 1182 2041 Postulator
1208 2008 1241 2039 et
1265 2015 1325 2046 pro
1346 2003 1451 2045 nobis,

341 2060 464 2093 Noster
489 2059 589 2101 adsis,
619 2058 758 2102 Christe,
1043 2055 1196 2098 Spiritus,
1223 2054 1356 2088 adsiste.

180 2129 266 2163 13a.
293 2127 349 2160 Ad
372 2127 437 2160 hoc
465 2128 561 2161 ambo
585 2127 676 2160 missi
702 2125 823 2159 mundo
888 2124 973 2160 13b.
995 2123 1164 2157 missionis
1186 2123 1221 2156 in
1245 2122 1309 2154 hoc
1333 2123 1462 2154 vestrae

338 2174 447 2208 fuistis
482 2185 503 2207 a
526 2178 632 2217 patre,
1044 2173 1208 2206 Summam
1232 2180 1319 2204 nunc
1343 2170 1488 2211 implete.

183 2246 266 2279 14a.
294 2243 454 2278 Collocati
478 2243 513 2274 in
545 2243 704 2284 supremis
886 2241 972 2276 14b.
997 2242 1053 2274 Nil
1079 2241 1114 2274 in
1136 2241 1250 2281 poenis
1275 2242 1332 2272 aut
1355 2238 1527 2272 tormentis

345 2292 420 2326 Sint
445 2290 593 2325 defuncti
617 2292 684 2332 isti,

1045 2289 1217 2324 Patiantur
1242 2288 1347 2322 triste.

255 2371 342 2399 Miss.
362 2379 417 2398 ηις.
441 2370 635 2398 Nannetense
655 2376 732 2396 saec.
755 2367 800 2398 15.
824 2368 893 2398 Cod.
910 2369 1149 2398 Cenomannens.
1171 2364 1238 2395 223,
1254 2381 1292 2386 —
1307 2363 1359 2402 81),
1381 2363 1400 2394 3
1420 2365 1529 2393 fratres

177 2419 232 2448 pro
256 2411 355 2439 tribus
374 2409 431 2437 Hs.
