1652 2678
688 91 956 129 —307—

147 190 209 224 4a.
238 189 293 223 Ab
317 189 381 223 hac
404 200 465 232 spe
492 191 561 224 noli
585 190 746 225 frustrare
854 192 914 226 4b.
937 192 1059 224 Aerem
1082 191 1171 232 pelle
1196 189 1359 223 funestum

284 239 332 271 Te
362 239 503 272 dulciter
527 239 726 280 invocantes,
984 239 1030 272 Et
1054 242 1190 271 naturae
1216 238 1422 279 contrarium,

239 287 349 328 Potes,
376 287 406 320 si
432 287 523 330 velis,
550 289 688 329 salvare,
939 288 1034 322 Tolle
1048 287 1150 328 pestis
1163 287 1311 320 morbum
1323 287 1492 327 maestum,

287 335 387 369 Salva
409 345 469 369 nos
493 337 529 369 in
553 339 588 369 te
612 339 793 377 sperantes.
987 336 1076 378 Ignis
1103 344 1229 377 quoque
1250 335 1445 368 incendium.

152 396 213 428 5a.
239 392 378 434 Depelle
406 392 546 427 febrium
569 397 705 435 aestum,
853 394 919 432 ⁷512.
939 393 987 428 Ut
1011 402 1071 435 per
1095 397 1128 426 te
1153 394 1201 426 sic
1226 393 1399 426 evadamus

287 443 418 476 Pestem
445 442 568 483 repelle
593 443 731 484 longius,
992 443 1110 475 Mortis
1135 442 1230 483 hujus
1257 440 1472 482 dispendium,

240 489 362 524 Contra
387 491 536 524 morbum
561 491 609 524 sic
633 489 788 523 infestum
943 490 1074 524 Gratias
1100 490 1161 523 tibi
1185 489 1372 530 reddamus,

289 538 390 572 Adsis
414 539 509 572 nobis
533 539 708 581 propitius.
988 539 1072 579 Regi
1096 547 1223 580 quoque
1248 537 1447 572 coelestium.

567 598 599 631 6.
626 596 686 629 Pie
711 595 912 637 sebastiane,

627 644 789 677 Christum
817 653 876 678 ora
900 653 960 685 pro
985 643 1089 677 nobis.

234 711 320 740 Miss.
340 720 396 740 ms.
417 711 558 739 Eduense
578 719 656 739 saec.
679 708 716 739 15
737 719 781 739 ex.
805 709 876 739 Cod.
898 708 976 738 Sem.
997 710 1112 739 Eduen.
1135 708 1201 739 120.

574 813 646 846 408.
691 814 736 846 De
756 813 865 846 sancto
886 813 1084 846 Sebastiano.

162 887 218 921 la.
246 885 348 919 Militi
374 885 565 919 Sebastiano
862 885 924 920 11).
945 886 1011 919 Per
1035 885 1123 926 quod
1148 888 1220 918 Ave
1244 885 1402 917 salutatus

245 935 460 969 Personemus
488 934 587 967 corde
609 943 725 976 magno
947 933 1028 967 Suos
1056 933 1166 965 dulces
1192 941 1252 972 per
1276 935 1427 973 precatus

245 983 319 1016 Ave
345 982 433 1015 dulci
456 983 492 1014 in
517 991 638 1023 organo
948 981 1097 1015 Christus
1125 981 1228 1013 diluat
1251 983 1361 1014 reatus

296 1030 395 1064 Suavi
417 1031 570 1064 melodia.
997 1029 1044 1062 Et
1067 1031 1180 1062 nostra
1205 1030 1362 1070 contagia.

162 1092 220 1124 2a.
246 1089 329 1130 Ave,
358 1097 489 1121 consors
515 1090 713 1129 angelorum,
865 1088 925 1122 2b.
947 1088 1029 1131 Ave,
1057 1088 1149 1120 miles
1174 1087 1254 1122 Jesu
1279 1086 1413 1128 Christi,

249 1136 398 1171 Concivis
425 1138 648 1177 apostolorum
949 1136 1072 1169 Terrae
1096 1143 1205 1176 regem
1231 1135 1285 1176 qui
1310 1134 1481 1178 tempsisti,

248 1184 295 1219 Et
321 1185 464 1218 omnium
488 1193 704 1226 supernorum
949 1184 1001 1216 Tu
1026 1184 1188 1220 coelorum
1211 1183 1359 1216 meruisti

299 1233 411 1267 Socius
439 1233 635 1266 coelestium.
997 1232 1107 1264 Vitam
1132 1234 1165 1263 et
1188 1231 1370 1272 imperium.

165 1294 224 1327 3a.
250 1293 288 1325 In
314 1292 376 1324 hac
402 1291 488 1324 valle
514 1292 716 1331 constitutos,
866 1290 925 1325 312.
949 1289 1186 1330 supplicamus,
1214 1289 1276 1321 hoc
1302 1287 1452 1332 concede,

246 1339 347 1374 Malis
371 1339 483 1372 multis
507 1340 683 1380 involutos,
951 1338 1044 1371 Pelle
1067 1337 1209 1377 morbos,
1234 1339 1362 1377 pestem
1387 1337 1489 1370 caede

249 1389 319 1423 Fac
344 1397 365 1420 a
389 1390 483 1429 peste
507 1386 579 1420 fore
603 1390 691 1421 tutos
950 1387 997 1419 Et
1021 1394 1079 1419 nos
1105 1386 1185 1419 Jesu
1211 1384 1339 1418 Christo
1365 1385 1469 1419 redde

296 1437 343 1470 Et
366 1436 450 1478 ignis
476 1436 650 1469 moestitia.
999 1434 1040 1467 In
1064 1437 1198 1467 aeterna
1223 1434 1337 1475 gloria.

240 1504 324 1532 Miss.
348 1511 403 1531 ms.
426 1502 566 1531 Eduense
588 1511 666 1530 saec.
689 1500 724 1530 15
746 1509 792 1531 ex.
814 1500 884 1530 Cod.
906 1499 984 1530 Sem.
1005 1500 1138 1529 Eduens.
1164 1498 1229 1528 120.
1300 1500 1386 1529 Mek:
1405 1499 1508 1536 jeden-

161 1542 231 1571 falls
251 1542 385 1571 Verbum
406 1543 528 1570 bonum.
569 1540 784 1570 Italienischen
804 1541 964 1577 Ursprung
983 1540 1084 1568 verrat
1105 1540 1157 1567 der
1170 1540 1258 1568 Reim
1278 1539 1311 1566 in
1334 1538 1384 1573 la,
1406 1537 1424 1567 2
1446 1538 1509 1567 und

162 1579 215 1616 3b,
238 1579 266 1610 3.

618 1643 692 1678 409.
730 1644 776 1677 De
796 1645 908 1676 sancta
931 1643 1054 1676 Solina-

167 1721 227 1755 ia.
254 1718 407 1754 Jucunda
431 1718 489 1750 lux
513 1717 660 1750 eliminat
870 1716 930 1750 1b.
954 1715 1085 1749 Solinae
1112 1714 1228 1748 chorus
1255 1716 1404 1748 concinat

300 1766 459 1800 moeroris
484 1773 580 1798 omne
600 1764 760 1806 nubilum,
1000 1764 1108 1797 laudis
1135 1769 1286 1797 eructans
1309 1763 1460 1804 jubilum.

168 1829 227 1861 Za.
254 1825 417 1866 Sponsum
441 1824 610 1857 laudemus
637 1822 798 1864 virginum
869 1822 928 1857 2b.
952 1822 998 1856 Et
1025 1821 1211 1854 redundent
1234 1821 1269 1854 in
1294 1821 1468 1855 Dominum

301 1873 422 1907 Sacrae
446 1872 625 1913 psallentes
650 1870 780 1913 virgini,
1002 1869 1134 1903 Laudes
1160 1870 1300 1903 ancillae
1323 1870 1464 1906 Domini.

166 1934 224 1968 3a.
254 1932 360 1967 Glaris
385 1933 458 1964 orta
481 1929 645 1964 natalibus
871 1929 930 1963 3b.
955 1928 1046 1962 Totis
1071 1936 1204 1970 agressa
1229 1928 1353 1962 viribus

302 1981 412 2016 Servit
435 1979 525 2021 patri
547 1979 732 2021 spirituum,
1003 1978 1073 2010 Iter
1097 1977 1228 2010 virtutis
1254 1977 1402 2011 arduum.

165 2043 226 2076 4a.
254 2040 366 2074 omnis
392 2039 433 2072 ab
458 2039 546 2071 intus
572 2036 678 2079 gloria
871 2036 932 2070 4b.
957 2036 1059 2076 Quam
1082 2034 1291 2069 multiformis
1317 2037 1423 2078 gratia

300 2088 448 2130 Sponsae
473 2087 560 2128 regis
587 2088 620 2118 et
641 2084 740 2128 filiae,
1005 2084 1087 2126 Regi
1114 2085 1318 2118 commendat
1343 2085 1467 2128 gloriae

168 2150 225 2183 5a.
254 2148 418 2190 Operatur
439 2145 474 2178 in
500 2144 648 2178 omnibus
874 2143 935 2178 5b.
958 2143 1136 2184 Multiplex
1158 2143 1192 2175 in
1219 2143 1371 2184 operibus

301 2195 425 2228 Divina
448 2194 553 2228 virtus
577 2192 696 2238 omnia,
1005 2191 1073 2225 Sed
1098 2192 1238 2232 simplex
1262 2193 1298 2225 in
1322 2192 1466 2227 essentia

166 2258 225 2291 6a.
252 2257 285 2289 A
309 2253 379 2288 veri
403 2253 481 2286 solis
507 2251 637 2285 nomine
873 2250 937 2284 6b.
960 2249 1073 2283 Solina
1098 2248 1170 2283 fuso
1197 2251 1353 2292 sanguine

302 2303 431 2336 Nomen
456 2301 575 2336 sortita
601 2308 787 2342 congruum,
1006 2299 1201 2340 Triumphat
1226 2299 1260 2332 in
1284 2303 1490 2342 perpetuum.

168 2366 225 2399 7a.
252 2364 293 2398 111
323 2362 550 2396 holocaustum
575 2360 764 2402 sanguinem
875 2359 894 2392 7
902 2357 933 2391 b.
959 2357 1064 2391 Causa
1089 2361 1224 2391 coronat
1249 2359 1417 2404 virginem,

300 2409 457 2446 Profudit
480 2409 669 2451 Aquitania,
1007 2406 1082 2440 Non
1107 2415 1233 2448 poenae
1256 2408 1434 2444 tolerantia

1276 2463 1339 2494 20*
