1652 2678
686 66 952 102 —242—

151 167 209 201 5a.
238 167 411 200 corruscat
434 167 600 198 miraculis
850 162 908 196 512.
933 162 1052 202 Surgat
1081 170 1099 192 a
1126 158 1314 191 criminibus

235 214 443 247 'restantibus
468 215 608 255 populis
932 210 1015 250 Ejus
1038 208 1162 241 sanetis
1185 206 1339 248 precibus

280 264 365 304 Quos
391 265 483 294 curat
507 272 528 294 a
551 259 683 300 morbis,
983 256 1152 290 Sauciatus
1178 255 1277 288 orbis.

149 348 312 414 1524Μ1Β55.
331 347 515 376 Tolosanum
540 348 611 382 imp.
637 353 661 372 s.
685 344 705 372 1.
728 342 812 373 1490.
832 343 868 370 A.
888 359 927 363 —
946 343 1032 371 Miss.
1052 342 1237 370 Tolosanum
1256 342 1328 378 imp.
1349 341 1489 378 Lugduni

589 475 650 507 321.
691 476 734 508 De
755 475 864 508 saneto
887 474 1064 516 Maculpho.

150 560 207 595 la.
236 558 430 592 Venerando
456 557 635 590 confessori
849 556 906 589 lb.
932 557 993 596 Qui
1019 555 1140 595 adepta
1165 554 1286 596 potiori

232 607 346 639 Nostri
370 606 491 646 psallat
515 609 623 639 coetus
650 606 740 639 chori
929 605 1099 646 Dignitate
1126 604 1255 636 celsiori

281 655 468 687 Decantans
494 654 650 695 Alleluja,
981 652 1073 686 Coeli
1097 655 1149 684 est
1171 652 1207 684 in
1231 651 1332 693 regia.

149 715 206 746 2a.
233 712 340 753 Hujus
365 711 435 744 vita
460 711 655 744 confessoris
848 711 907 744 ab.
931 711 1041 753 Digna
1066 710 1164 742 laude
1190 710 1346 743 creatoris

233 760 286 794 Ab
313 768 449 793 ascensu
477 761 576 800 primi
600 758 690 792 floris
931 761 972 793 In
998 759 1182 799 exemplum
1208 762 1256 791 est
1282 758 1414 792 honoris

282 808 402 842 Sancta
427 811 460 840 et
482 807 669 849 laudabilis,
982 807 1114 841 Cunctis
1139 806 1320 839 imitabilis.

147 867 205 900 32.
231 866 279 900 Ut
305 867 439 900 devotus
467 866 589 899 Christi
612 867 706 899 miles
846 866 905 900 3b.
932 865 1055 899 Christi
1083 866 1187 897 cultus
1212 866 1256 898 ad
1281 865 1427 907 serviles,

233 914 327 948 Infra
351 924 452 948 annos
478 916 621 955 pueriles
930 914 997 948 Ubi
1022 914 1101 947 satis
1124 914 1287 954 juveniles

280 963 396 996 Totum
421 972 494 996 sese
520 963 655 996 contulit
980 962 1095 997 Carnis
1121 964 1229 994 aestus
1252 962 1400 1004 pertulit.

147 1022 203 1054 4a.
231 1020 353 1061 Quibus
378 1021 473 1053 victis
499 1020 583 1054 bono
610 1019 676 1053 fine
844 1021 908 1054 4b.
931 1022 997 1053 Per
1022 1029 1117 1062 quem
1142 1020 1224 1061 legis
1251 1020 1294 1053 ad
1321 1020 1450 1054 divinae

235 1068 382 1102 Civitatis
410 1068 641 1102 Constantinae
928 1068 1120 1102 Sanctitatis
1147 1071 1180 1100 et
1206 1068 1373 1102 doctrinae

279 1117 431 1150 Praesuli
458 1118 678 1161 committitur,
978 1116 1119 1151 Ordines
1142 1117 1344 1158 provehitur.

147 1176 205 1208 5a.
232 1175 280 1208 Ut
303 1175 412 1208 fidelis
439 1176 647 1216 dispensator
845 1176 905 1209 5b.
928 1175 995 1209 Sed
1021 1178 1057 1208 ut
1080 1176 1226 1216 prudens
1252 1176 1420 1216 legislator

230 1223 465 1256 Monachorum
489 1223 595 1257 factus
619 1227 733 1264 pastor
927 1224 975 1257 Et
997 1228 1035 1257 ut
1060 1233 1161 1265 sagax
1185 1227 1379 1265 procurator

283 1271 424 1313 Gregem
439 1281 533 1304 suum
549 1282 615 1305 non
626 1273 783 1315 turbavit,
976 1273 1062 1306 Eum
1086 1273 1187 1306 verbo
1212 1274 1302 1306 vitae
1325 1274 1426 1314 pavit.

146 1330 204 1363 δα.
231 1330 297 1362 Per
320 1329 416 1362 istius
441 1331 649 1363 sanctitatem
845 1330 905 1365 δῖ).
927 1331 1047 1364 Claudi
1072 1340 1203 1372 gressus
1226 1330 1426 1373 firmitatem,

233 1377 481 1419 consequuntur
505 1380 678 1411 sanitatem
930 1380 1026 1414 Caeci
1052 1379 1141 1412 visus
1166 1380 1356 1422 novitatem,

278 1426 424 1467 DebileS,
451 1427 595 1471 lunatici,
980 1429 1117 1462 Sensum
1144 1428 1355 1462 daemoniaci.

148 1484 203 1516 712.
233 1483 348 1517 Surdis
372 1493 449 1516 usus
473 1485 609 1526 aurium,
846 1486 907 1519 7b.
930 1486 1080 1527 Morbus,
1108 1496 1204 1527 quem
1229 1496 1288 1520 nos
1313 1488 1438 1528 regium

231 1531 325 1564 Salus
352 1532 564 1565 imbecillium
931 1535 979 1568 Ob
1006 1537 1157 1568 naturam
1180 1535 1339 1569 vermium

230 1580 282 1612 Ac
304 1580 401 1613 mutis
427 1581 588 1622 eloquium
933 1583 1072 1616 Carnem
1096 1583 1323 1617 infestantium

279 1629 344 1662 Per
368 1629 581 1670 Maeulphum
608 1630 775 1674 redditur3
978 1633 1152 1674 Vocamus,
1181 1633 1366 1674 expellitur.

144 1687 204 1719 Sa.
230 1686 336 1727 Hujus
357 1688 462 1728 patris
486 1691 553 1721 tam
578 1690 751 1731 praeclari,
847 1690 906 1724 8b.
932 1691 1000 1730 Quo
1031 1691 1193 1732 possimus
1219 1692 1388 1733 gratulari,

230 1735 282 1767 Ne
306 1745 490 1776 mergamur
514 1737 549 1769 in
573 1737 636 1769 hoc
660 1739 748 1771 mari
930 1740 1136 1772 Postulemus
1162 1741 1256 1773 nobis
1283 1740 1356 1773 dari

277 1785 454 1817 Poscamus
479 1785 641 1829 suffragia,
979 1788 1133 1821 Paradisi
1158 1790 1287 1830 gaudia.

222 1869 307 1897 Misff.
333 1879 387 1899 ms.
409 1870 439 1899 S.
459 1872 594 1909 Remigii
619 1881 696 1901 saec.
721 1872 766 1902 13.
789 1873 861 1901 Cod.
881 1874 1020 1903 Remens.
1046 1873 1110 1903 122.
1133 1876 1199 1904 add.
1222 1884 1299 1905 saec.
1323 1873 1368 1904 14.
1390 1875 1425 1904 A.
1450 1890 1489 1895 —

145 1908 189 1935 Mi
216 1916 230 1935 ·.
250 1909 398 1938 Ττεερθῃ5θ
418 1911 489 1947 imp.
509 1912 612 1940 Treeis
635 1909 719 1941 1533.
739 1913 774 1940 B.

574 2034 641 2066 322.
679 2034 726 2066 De
746 2036 855 2067 sancto
879 2035 1055 2069 Mammete.

566 2116 599 2149 1.
625 2116 723 2158 Voce,
752 2116 850 2150 corde
871 2117 1047 2157 jubilemus

626 2163 808 2197 Jubilantes
834 2167 1030 2200 exsultemus

699 2212 843 2246 Solemni
866 2214 1004 2249 laetitia.

148 2274 207 2307 22.
233 2275 279 2307 Et
302 2277 373 2309 lans
401 2277 522 2311 Christi
549 2279 738 2315 decantetur
847 2281 906 2316 2b.
931 2283 993 2323 Qui
1018 2293 1077 2326 spe
1104 2288 1194 2319 certa
1219 2285 1429 2321 confirmatus

229 2323 276 2355 Et
299 2324 388 2357 beati
414 2327 595 2360 celebretur
932 2331 1008 2364 Non
1035 2333 1167 2373 expavit
1194 2334 1357 2369 cruciatus

278 2372 465 2406 Mammetis
489 2375 637 2417 victoria,
980 2380 1052 2413 Nec
1074 2382 1189 2415 mundi
1214 2383 1387 2424 supplicia,
