1652 2678
624 177 668 207 75.
713 174 746 206 I11
768 171 976 214 conceptione
997 169 1085 201 BMV.

187 250 244 283 lu.
271 247 450 282 Multitudo
475 248 662 290 gratiarum,
886 242 945 277 lb.
966 243 1069 275 Prece
1091 240 1228 282 virginis
1253 239 1382 273 Mariae

270 295 449 337 Corporum
475 300 509 328 et
531 296 711 328 animarum
969 289 1039 322 Nos
1065 288 1232 329 compellit,
1256 288 1321 320 ista
1345 287 1398 320 die

320 344 445 378 Collata
469 343 620 377 fidelibus
1019 337 1142 370 Sistere
1166 336 1200 369 in
1228 335 1388 369 laudibus.

188 403 243 435 2a.
270 401 377 442 Igitur
401 402 509 434 nullus
535 401 679 442 miretur,
885 395 946 430 ab.
967 394 1054 428 Nam
1071 403 1132 436 per
1147 395 1233 427 hanc
1250 394 1406 426 habemus
1423 393 1531 426 Deum

271 449 306 482 Si
330 450 401 483 laus
427 448 579 490 frequens
607 447 778 480 exhibetur
969 444 1119 477 Fratrem
1134 445 1281 475 nostrum
1293 445 1326 474 et
1335 442 1530 482 trophaeum

320 497 375 530 Illi
400 506 529 537 semper
551 495 680 538 xirgini,
1016 492 1069 524 De
1093 490 1242 523 hostibus
1266 489 1410 523 Domini.

188 557 247 590 za.
270 555 394 587 Rursus
416 554 509 586 nobis
534 561 664 594 semper
680 555 826 593 praestat
887 549 946 584 3b.
970 551 1165 583 Innovemus
1191 549 1225 581 in
1250 549 1404 581 honorem

271 602 366 636 Nova
390 602 484 642 dona,
510 602 599 634 unde
625 605 737 641 restat,
971 597 1115 639 Virginis
1140 596 1301 639 gignentis
1326 595 1439 630 florem

320 650 366 683 Ut
390 658 448 682 nos
473 658 558 683 nova
584 649 710 682 cantica
1019 646 1071 679 De
1097 647 1191 679 domo
1216 645 1387 679 Davidiea.

187 710 245 742 4a.
273 709 343 741 Ista
367 716 505 747 namque
529 716 604 741 mox
628 710 794 748 concepta,
886 703 947 739 4b.
970 703 1018 738 Ut
1041 707 1117 745 post
1141 704 1203 737 hoe
1228 702 1434 736 sanctificata

270 756 373 788 Plena
396 755 503 796 gratia
525 758 660 796 recepta
971 752 1103 787 Summo
1127 754 1241 786 saneto
1265 752 1310 784 sit
1333 754 1447 792 aptata

319 804 468 837 Sanctior
492 803 530 836 fit
555 804 681 843 ceteris,
1018 802 1083 834 Pro
1110 803 1269 840 conceptu
1293 800 1450 841 pignoris.

191 865 244 896 ba.
273 862 412 903 Insuper
438 864 488 894 est
509 862 685 895 mediatrix
888 858 946 893 5b.
970 859 1074 892 Istum
1098 858 1209 901 trahit,
1236 858 1328 890 illum
1354 862 1473 899 movet,

269 910 316 942 Et
336 910 443 943 fidelis
468 910 674 950 procuratrix
969 907 1066 941 Hune
1091 910 1124 938 et
1147 907 1252 940 nutrit
1277 909 1374 947 atque
1399 904 1499 950 fovet,

325 958 378 991 Ad
402 967 437 991 se
462 958 708 999 recurrentium,
1023 954 1154 988 Cunctis
1182 955 1239 987 dat
1264 954 1431 988 auxilium.

190 1018 247 1050 61,
274 1016 409 1049 Nullum
434 1016 529 1056 pellit
553 1019 609 1048 aut
635 1016 778 1049 excludit
889 1013 947 1048 ob.
971 1015 1048 1048 Sive
1071 1022 1156 1055 reos,
1182 1013 1252 1047 sive
1274 1013 1391 1054 justos,

272 1065 408 1104 Pietate,
436 1064 495 1096 sed
523 1064 689 1097 concludit
972 1063 1165 1096 Invocantes
1191 1071 1271 1102 quos
1297 1065 1450 1094 venustos

322 1114 363 1146 In
383 1113 458 1145 sinu
483 1113 683 1153 clementiae,
1018 1111 1144 1144 Reddit.
1166 1109 1358 1151 sapientiae.

190 1171 245 1202 ‘7:1.
269 1169 357 1202 Hinc
380 1170 531 1210 procedit
555 1170 715 1211 generalis
889 1168 948 1203 71).
973 1169 1027 1201 Ad
1053 1168 1260 1209 psallendum
1287 1169 1328 1200 de
1353 1168 1471 1211 Maria,

273 1218 503 1258 Promptituclo
530 1218 683 1251 cordialis
972 1217 1028 1260 Ut,
1058 1218 1134 1249 dum
1158 1226 1268 1249 sumus
1294 1216 1330 1248 in
1353 1217 1417 1249 hae
1440 1216 1512 1258 via,-

325 1266 519 1299 Cunctorum
543 1265 698 1305 fidelium,
1020 1265 1134 1298 Placet
1158 1265 1252 1298 nobis
1277 1263 1391 1299 filium.

192 1325 250 1358 Sa.
272 1322 402 1356 Laudes
428 1332 504 1364 ergo
529 1324 724 1364 replicamus
890 1323 948 1357 8b.
972 1324 1024 1356 Ne
1046 1322 1109 1355 sibi
1135 1323 1234 1355 simus
1258 1322 1379 1363 ingrati

276 1371 412 1413 Virgini,
440 1381 534 1413 quam
558 1372 745 1405 invocamus
976 1372 1022 1406 Et
1047 1371 1177 1404 divinae
1202 1370 1342 1405 bonitati

323 1419 526 1460 Frequenter
552 1423 585 1452 et
609 1421 748 1461 saepius,
1025 1419 1265 1461 Conjungnmur
1290 1418 1417 1452 fortius.

195 1479 252 1512 Sa.
280 1477 346 1510 Sed
371 1480 417 1518 tu,
443 1477 546 1519 virgo,
571 1481 675 1511 mater
695 1481 819 1520 sancta,
892 1477 952 1513 9b.
975 1478 1022 1511 Ut,
1047 1480 1081 1510 et,
1103 1487 1163 1510 nos
1186 1475 1427 1511 sanctificemur

278 1526 379 1559 Plena
400 1527 467 1566 jam
489 1526 595 1568 gratia
620 1529 720 1570 tanta,
977 1526 1022 1559 Et
1046 1528 1122 1566 post
1146 1529 1252 1559 tecum
1275 1525 1452 1568 gloriemur

323 1576 433 1615 Purga
456 1583 516 1608 nos
540 1584 560 1608 a
588 1575 734 1616 crimine,
1024 1575 1064 1607 In
1089 1577 1221 1608 aeterno
1246 1575 1379 1609 lumine,

266 1661 353 1689 Miss.
381 1670 435 1690 ms.
456 1660 701 1689 Praedicatorum
721 1660 947 1690 vindobonens.
973 1670 998 1689 s.
1019 1662 1095 1698 sign„
1119 1663 1191 1690 anni
1215 1659 1300 1689 1477.
1324 1675 1363 1680 —
1386 1659 1538 1697 „Sequen-

190 1699 265 1727 tiam
292 1700 347 1727 sub
373 1702 447 1728 nota
466 1700 496 1727 S.
517 1698 698 1735 Dominicff,
726 1699 753 1728 d.
774 1699 803 1727 h.
828 1700 883 1727 auf
900 1699 952 1728 die
970 1700 1057 1728 Mel-z
1090 1700 1128 1729 In
1148 1700 1272 1729 coelesti
1291 1699 1470 1727 hierarchia·
1499 1714 1538 1720 —-

190 1736 288 1805 {gmuls
305 1738 510 1806 {ghflosiflslffs
531 1754 569 1759 —-
589 1737 641 1775 4b,
663 1736 682 1765 2
703 1739 748 1767 sic
769 1741 874 1776 aptata
886 1737 1003 1775 Hs.:—--
1024 1737 1076 1772 Ga,
1098 1736 1116 1767 2
1133 1739 1159 1767 A
1180 1739 1293 1775 pietate
1306 1739 1362 1767 Hs.
1382 1754 1421 1758 —
1442 1738 1495 1772 711,
1518 1736 1545 1767 3,

602 1891 648 1923 76.
684 1890 721 1923 In
742 1889 1002 1923 Sanctificatione
1022 1890 1111 1922 BMV.

196 1973 250 2005 la.
277 1973 360 2013 Ave,
384 1976 482 2013 porta
505 1982 634 2014 semper
659 1973 779 2012 clausa,
897 1972 955 2006 1b.
978 1973 1102 2015 Rubus,
1131 1973 1233 2016 virga,
1260 1974 1417 2015 templum
1443 1974 1518 2014 Dei,

278 2020 407 2054 Primae
433 2030 549 2055 causae
574 2024 707 2063 stupens
726 2031 835 2063 causa,
981 2022 1043 2062 Qui
1066 2024 1100 2054 te
1124 2022 1272 2066 mundat,
1297 2023 1402 2056 vellus
1428 2024 1460 2056 ei

327 2069 438 2111 Virgo,
462 2079 592 2113 parens,
623 2070 702 2103 filia.
1030 2069 1153 2103 Album
1178 2080 1278 2112 super
1303 2070 1385 2106 lilia.

195 2128 253 2159 211.
280 2126 365 2160 Tota
388 2132 562 2168 postquam
586 2137 622 2160 es
648 2128 819 2170 completa,
897 2128 957 2163 ab.
979 2129 1121 2165 Tantum
1146 2129 1270 2165 habens
1293 2129 1497 2165 intellectum

281 2175 376 2209 Celsa
401 2176 474 2209 luce
495 2175 535 2209 fis
556 2178 684 2218 repleta
980 2177 1027 2210 Es
1051 2187 1128 2211 nam
1149 2179 1278 2220 gratiae
1303 2179 1484 2221 subjectum

327 2224 438 2257 Instar
462 2225 675 2269 tabernaculi,
1032 2226 1124 2260 Sicut
1150 2230 1183 2260 et
1206 2227 1340 2269 piaculi.

198 2282 254 2314 3a.
277 2281 385 2322 Unde,
413 2284 558 2323 quamvis
584 2284 655 2317 visa
676 2288 781 2317 mater
898 2284 958 2319 3b.
983 2285 1094 2319 Omnis
1120 2285 1215 2319 homo
1238 2294 1379 2325 namque
1404 2295 1514 2320 secum

281 2329 334 2362 Ab
360 2333 491 2364 aeterno
517 2333 572 2372 sis,
599 2335 633 2365 te
657 2336 754 2373 pater
983 2333 1102 2366 Trahit
1125 2335 1256 2375 (τωρωι
1277 2342 1414 2367 nascens
1438 2338 1546 2369 tecum

330 2378 425 2411 nunc
448 2385 568 2422 purgat
592 2390 612 2413 a
639 2381 782 2421 crimine,
1033 2381 1086 2413 Ex
1111 2382 1199 2414 virili
1225 2380 1359 2416 semine.
