1652 2678
142 215 200 248 2a.
227 214 280 248 De
304 215 415 256 palma
441 216 592 258 martyrii

227 263 432 298 Katharinae
457 265 591 307 virginis

277 312 413 353 Agimus
439 314 605 346 solemnia.

145 372 202 405 3a.
228 371 319 411 Rege
342 373 422 404 nata
445 372 551 413 regias

231 418 434 460 Contempsit
459 420 592 453 delicias

227 467 275 500 Et
298 465 451 500 fortunae
476 469 598 511 eopiaS,

145 528 203 559 4a.
231 525 322 558 Inter
346 523 452 558 fluxus
478 526 644 568 sanguinis

230 571 377 606 Nefandi
395 573 561 607 libaminis

277 621 482 661 Reprobavit
502 622 639 664 impium

278 669 447 702 Audacter
471 670 684 703 Maxentium.

145 728 202 761 5a.
230 727 278 760 Ut
302 726 476 769 plectatur,

229 773 431 809 Fabrieatur

277 822 410 863 Duplex
433 826 516 865 rota,

280 870 346 904 Sed
371 871 434 904 hae
457 875 546 905 mota

326 920 433 952 Prava
458 921 546 961 perit
574 920 694 959 concio,

145 979 204 1012 (ia,
230 978 289 1012 Fit
314 977 448 1010 insanus

230 1026 304 1059 Rex
327 1024 497 1067 profanus,

282 1073 379 1114 Gupit
404 1076 512 1107 tamen

278 1121 352 1155 Hoc
377 1122 521 1155 solamen

329 1169 399 1203 Sibi
423 1180 484 1212 pro
510 1174 560 1204 tot
584 1171 737 1211 perditis.

145 1229 201 1262 7a.
230 1228 376 1261 Tandem
400 1231 492 1269 jussa
518 1229 677 1262 decollari

228 1276 343 1310 Poscit
367 1276 431 1309 sibi
455 1279 583 1318 tempus
612 1277 693 1320 dari,

278 1324 327 1358 Ut
351 1333 386 1357 se
410 1326 536 1366 petenti
562 1325 689 1358 veniam

278 1373 478 1414 Impetraret
501 1383 562 1414 per
587 1374 737 1414 gratiam.

144 1432 202 1464 Sa.
229 1431 337 1464 Adest
362 1434 471 1464 coetus
498 1431 698 1473 angelorum,

230 1479 381 1513 Glorioso
406 1483 504 1521 raptu
531 1489 667 1521 quorum

278 1527 462 1561 Katharina

767 119 836 156 251
889 139 937 144 —-

845 217 904 252 2b.
927 218 1150 253 Jucundemur
1174 217 1349 259 tympanis,

926 266 1134 299 Modulemur
1159 266 1287 307 organis

976 315 1069 349 Illius
1093 315 1277 356 praeconia.

846 372 906 406 3b.
928 373 1032 406 Annis
1057 371 1238 414 puerilibus

930 421 1054 454 Orbata
1078 420 1267 462 parentibus

927 469 1085 502 Adhaesit
1114 468 1316 502 coelestibus.

847 526 909 560 4b.
929 527 1026 560 Illam
1050 526 1278 568 philosophica

930 574 1005 607 Non
1029 575 1109 608 vicit
1131 574 1325 619 rhethorica,

980 623 1044 656 Sed
1070 632 1188 656 vanam
1213 623 1364 663 peritiam

981 670 1148 704 Convertit
1173 671 1216 703 ad
1240 672 1386 712 gloriam.

847 729 865 762 5
879 728 910 761 b.
930 728 969 761 In
994 729 1107 770 regina

931 777 1115 810 Katharina

981 824 1227 866 (improbatur,

982 873 1116 913 Quando
1144 873 1240 905 datur

1027 921 1129 954 Fides
1156 923 1189 952 et
1213 921 1406 961 Porphyrio.

847 979 906 1013 6b.
930 979 1026 1012 Hane
1050 979 1210 1019 hortatur,

931 1028 1028 1061 Hanc
1049 1029 1217 1068 precatur,

981 1076 1073 1109 Haeo
1096 1083 1160 1108 non
1188 1077 1280 1106 curat

983 1123 1048 1157 Sed
1073 1123 1207 1156 obturat

1028 1173 1135 1204 Aures
1162 1171 1231 1210 ejus
1261 1170 1423 1210 precibus.

847 1229 908 1263 7b.
933 1229 1020 1262 Dum
1045 1239 1066 1261 a
1090 1237 1186 1262 saevo
1212 1236 1405 1268 percussore

933 1277 1136 1317 DecoIIatur,
1162 1285 1223 1316 pro
1250 1285 1366 1308 cruore

982 1325 1094 1358 Laetis
1121 1327 1250 1357 emanat
1273 1325 1409 1363 rivulus,

982 1374 1083 1413 Quem
1107 1381 1199 1406 sacer
1224 1371 1312 1405 fudit
1332 1372 1475 1414 jugulus.

850 1431 911 1465 8b.
934 1432 1033 1472 Cujus
1061 1440 1178 1471 corpus
1203 1431 1383 1471 pretiosum

931 1480 1031 1512 Velut
1054 1479 1177 1513 fontem
1205 1479 1370 1520 copiosum

981 1528 1179 1562 Redivivum

977 1577 1047 1610 Dat
1069 1577 1191 1609 olivum

1031 1625 1123 1658 Sicut
1148 1627 1178 1656 et
1203 1632 1290 1656 nunc
1316 1623 1469 1657 cernitur.

274 1575 390 1610 Monte
419 1576 499 1610 Sina

328 1624 495 1658 Collooata
519 1625 682 1658 conditur.

554 1683 586 1716 9.
615 1682 714 1723 Cujus
737 1692 796 1716 nos
822 1683 978 1717 auxilium

614 1731 714 1771 Apud
739 1740 847 1773 regem
877 1731 1019 1764 omnium

664 1779 876 1813 Commendet
900 1788 961 1820 per
986 1780 1134 1819 saecula3

661 1828 767 1860 Amen
794 1828 905 1861 dicant
929 1828 1045 1862 omnia.

220 1894 306 1923 Miss.
326 1902 381 1921 ms.
403 1893 433 1921 S.
448 1890 606 1922 Trinitatis
623 1893 837 1922 Vindoeinens.
859 1895 932 1921 anni
953 1892 1037 1922 1457.
1058 1894 1130 1923 cod.
1144 1894 1358 1922 Vindocinens.
1382 1891 1427 1922 16.
1448 1909 1487 1914 —

141 1933 212 1962 Mel.
235 1932 384 1962 offenbar:
404 1933 496 1962 Mane
515 1934 614 1970 prima
634 1933 763 1961 sabbati.
783 1948 823 1954 —
844 1930 896 1968 81),
918 1931 939 1961 4
956 1933 1021 1961 Dat
1040 1934 1138 1962 oleum
1158 1933 1214 1961 Hs.

539 2025 608 2059 333.
649 2025 694 2058 De
713 2035 738 2058 s.
758 2027 862 2059 Maria
882 2025 1084 2067 magdalena.

142 2101 200 2135 la.
221 2100 370 2141 Linguae
395 2100 486 2132 solve
510 2099 687 2140 vinculum,

225 2148 351 2183 Laudis
376 2147 490 2189 profer
514 2147 682 2181 modulum

226 2198 265 2231 In
290 2196 421 2230 Mariae
444 2197 586 2237 titulum,

276 2245 338 2281 Pia
364 2246 445 2278 oleri
471 2246 593 2279 concio.

139 2308 200 2341 2a.
227 2307 268 2340 In
293 2303 426 2339 fervore
450 2307 584 2338 sanetae
608 2303 680 2345 spei

224 2354 426 2396 Magdalena
449 2353 621 2388 Pharisaei

223 2404 366 2438 Domum
388 2403 493 2438 intrat
517 2406 550 2436 et
574 2401 613 2435 fit
638 2402 670 2434 ei

274 2453 488 2488 Peccator-um
514 2451 620 2486 venia.

848 2098 907 2133 lb.
929 2098 1039 2132 Hodie
1062 2099 1255 2132 miraculum

931 2147 1104 2182 Profertur
1126 2147 1161 2179 in
1185 2149 1352 2190 populum,

933 2196 1001 2236 Quo
1027 2197 1171 2238 respirat
1195 2197 1360 2230 saeculum

982 2245 1057 2289 Spe,
1085 2245 1227 2287 dulcore,
1259 2247 1388 2287 gaudio,

846 2302 908 2338 2b.
932 2303 1007 2336 Non
1035 2304 1211 2346 desperent
1236 2313 1312 2346 ergo
1341 2305 1390 2338 rei

929 2353 1155 2387 Recordantes
1181 2353 1277 2394 hujus
1301 2354 1359 2396 rei,

929 2401 993 2435 Dei
1017 2403 1114 2436 simul
1139 2405 1172 2435 et
1198 2402 1265 2435 diei

981 2451 1159 2486 Declarent
1185 2452 1356 2494 magnalia.
