1652 2678
734 103 977 139 *21-

177 198 238 231 5a.
267 198 316 231 Te
344 199 436 233 sicca
458 200 585 242 virgula
884 201 942 236 5b.
967 202 1023 235 Sic
1048 205 1136 235 casto
1161 211 1298 244 corpore

265 247 378 280 Aaron
402 250 564 282 monstrat
965 248 1070 283 filium
1095 251 1228 293 gignens

266 295 433 330 sitibundo
968 299 1135 338 protulisti

263 343 379 376 cortite
403 348 538 386 turgens
563 347 735 386 gemmula,
966 348 1065 380 coelis
1089 351 1123 379 et
1145 348 1244 381 terris
1269 349 1427 389 germina.

176 421 237 454 6a.
264 420 471 454 Hierusalem
496 422 564 455 filia
881 424 940 460 6b.
964 424 1042 457 Sola
1067 426 1214 466 exemplo
1240 426 1309 458 sine

261 471 308 511 tu,
335 470 476 510 genitrix
497 470 571 512 Dei,
964 481 1025 505 nec
1049 473 1140 514 prius
1166 474 1304 507 similem

262 517 466 559 simplicibus
963 521 1034 554 visa
1057 522 1135 555 ades

262 566 484 599 columbarum
510 568 612 600 oculis
963 578 1026 602 nec
1049 570 1172 603 habere
1195 573 1392 612 sequentem,

262 615 415 655 splendes
441 615 557 648 nitida.
964 618 1052 650 alma
1074 618 1193 652 Maria.

176 692 233 723 7a.
261 691 362 731 Quam
389 690 577 732 frequentes
879 694 938 727 7b.
961 694 1029 727 Nos
1055 699 1205 737 gregatos

260 738 428 772 celebrant
453 740 561 782 angeli
960 741 1094 785 fragiles
1120 744 1265 777 homines

259 787 292 819 in
318 791 375 820 tuo
398 788 501 821 natali
960 791 1019 823 sub
1046 795 1103 824 tua
1127 793 1254 825 viscera

258 835 345 868 hunc
370 836 457 869 diem
483 838 668 877 solemnem,
957 839 1080 880 jugiter
1104 842 1205 880 tuere.

258 884 356 917 stella
379 884 500 919 lucida.
959 887 1017 928 pia
1039 887 1158 924 Maria.

250 970 340 1007 Trop.
368 980 423 999 ms.
444 971 617 1001 Sedunense
644 980 722 1000 saes.
751 970 795 1001 10.
819 972 889 1002 Ood.
910 973 1094 1002 Londinens.
1120 974 1196 1003 Add.
1228 973 1316 1003 1976&
1376 988 1390 994 -
1417 973 1477 1009 521,
1498 970 1520 1001 4-

173 1008 297 1036 trudens
317 1010 469 1046 gemmula
488 1011 544 1039 Hs.

605 1152 645 1184 18.
687 1152 724 1184 In
737 1152 966 1186 Purificatione
987 1154 1076 1186 BMV,

616 1244 646 1278 1.
675 1242 735 1283 Qui
760 1247 880 1284 purgat
905 1244 1029 1276 animas

676 1293 707 1323 et
734 1299 873 1332 corpora
897 1295 1021 1335 sancta,

166 1369 226 1401 2a.
255 1367 364 1400 Hodie
872 1369 935 1403 2b.
958 1368 1079 1410 Legem
1104 1379 1165 1410 per

256 1416 326 1448 sine
350 1415 547 1448 macularum
954 1426 990 1450 se
1017 1418 1126 1451 datam
1152 1427 1358 1461 conservans,

254 1465 403 1506 contagia
955 1466 1010 1499 hic
1034 1467 1186 1511 Mariam,

167 1543 227 1576 3a.
252 1541 450 1575 Genitricem
477 1551 577 1581 suam,
871 1544 932 1578 3b.
956 1543 1077 1577 Venire
1102 1544 1215 1584 voluit,

253 1591 297 1623 ad
322 1591 481 1631 templum
508 1600 578 1624 cum
953 1593 1004 1626 bis
1030 1593 1190 1635 geminum

255 1639 435 1672 hostiarum
461 1648 595 1672 munere
956 1639 1156 1675 deferentem
1183 1642 1304 1674 alitem.

165 1716 229 1750 470,
250 1717 317 1750 Per
342 1718 429 1757 quod
455 1717 638 1758 edocemur,
869 1717 932 1753 4b.
954 1718 1078 1751 Turtur
1104 1719 1287 1751 castitatem

255 1773 450 1806 cognoscere
954 1776 1040 1808 nam,
1069 1767 1217 1799 columba

251 1812 423 1854 mysticam
449 1813 610 1846 virtutem.
955 1815 1143 1856 praetendit
1166 1817 1309 1848 mutuam

170 1893 228 1925 5a.
256 1890 486 1932 Dilectionem‚
872 1891 931 1925 5b.
953 1892 1169 1925 Altitonantis

252 1940 368 1981 quibus
392 1941 525 1981 plenam
953 1941 1138 1982 municipis,

254 1989 418 2022 exstitisse
445 1989 606 2022 credimus
955 1989 1010 2031 qui
1036 1990 1178 2023 clausam
1202 1989 1389 2031 ingrediens

250 2037 381 2071 beatam
954 2038 1037 2072 adiit

251 2086 443 2127 genitricem
467 2086 584 2127 ipsam,
611 2084 683 2118 fieri
952 2095 1015 2129 per
1038 2087 1246 2120 Ezechielem
1272 2088 1478 2129 praedictam

253 2144 313 2175 pro
337 2144 399 2177 quo
425 2136 543 2175 hospes
569 2134 686 2167 meruit
953 2139 1083 2177 portam
1108 2136 1293 2177 gloriosam.

163 2215 222 2247 6a.
250 2213 289 2246 In
316 2213 407 2253 cujus
870 2214 931 2248 6b.
954 2215 979 2248 O
1006 2217 1103 2255 porta

249 2262 404 2304 obsequio
431 2269 541 2302 senex,
956 2263 1049 2306 coeli,
1076 2272 1137 2304 per
1160 2264 1273 2296 Aaron

249 2321 330 2344 anus
356 2309 598 2352 gratulabunda
956 2315 988 2344 et
1013 2311 1235 2353 praefigurata

248 2361 414 2402 propheta
439 2361 612 2393 occurrunt
640 2358 720 2392 dare
954 2361 1058 2402 virga,
1085 2369 1275 2395 consumens
1300 2359 1381 2395 flore

247 2410 386 2451 gloriam
411 2409 492 2442 Dec.
954 2409 1116 2450 serpentis
1146 2410 1227 2445 vira.
