<?xml version="1.0" encoding="UTF-8"?>
<!DOCTYPE html PUBLIC "-//W3C//DTD XHTML 1.0 Transitional//EN"
    "http://www.w3.org/TR/xhtml1/DTD/xhtml1-transitional.dtd">
<html xmlns="http://www.w3.org/1999/xhtml" xml:lang="en" lang="en">
 <head>
  <title>
</title>
<meta http-equiv="Content-Type" content="text/html;charset=utf-8" />
  <meta name='ocr-system' content='tesseract 3.04.00' />
  <meta name='ocr-capabilities' content='ocr_page ocr_carea ocr_par ocr_line ocrx_word'/>
</head>
<body>
  <div class='ocr_page' id='page_1' title='image "./analectahymnica10drevuoft_00125.png"; bbox 0 0 1652 2678; ppageno 0'>
   <div class='ocr_carea' id='block_1_1' title="bbox 821 100 1087 135">
    <p class='ocr_par' dir='ltr' id='par_1_1' title="bbox 821 100 1087 135">
     <span class='ocr_line' id='line_1_1' title="bbox 821 100 1087 135; baseline -0.004 0"><span class='ocrx_word' id='word_1_1' title='bbox 821 100 1087 135; x_wconf 78' lang='lat'>—122—</span> 
     </span>
    </p>
   </div>
   <div class='ocr_carea' id='block_1_2' title="bbox 293 193 1405 338">
    <p class='ocr_par' dir='ltr' id='par_1_2' title="bbox 293 193 1405 338">
     <span class='ocr_line' id='line_1_2' title="bbox 293 193 1338 244; baseline -0.012 -10"><span class='ocrx_word' id='word_1_2' title='bbox 293 203 350 235; x_wconf 82' lang='lat' dir='ltr'>7a.</span> <span class='ocrx_word' id='word_1_3' title='bbox 375 200 511 233; x_wconf 83' lang='lat' dir='ltr'>Veniam</span> <span class='ocrx_word' id='word_1_4' title='bbox 539 209 647 242; x_wconf 88' lang='lat' dir='ltr'>posce,</span> <span class='ocrx_word' id='word_1_5' title='bbox 988 196 1048 229; x_wconf 82' lang='lat' dir='ltr'>7b.</span> <span class='ocrx_word' id='word_1_6' title='bbox 1070 194 1177 227; x_wconf 86' lang='lat' dir='ltr'>Simus</span> <span class='ocrx_word' id='word_1_7' title='bbox 1202 193 1338 244; x_wconf 48' lang='lat' dir='ltr'>ill-aree</span> 
     </span>
     <span class='ocr_line' id='line_1_3' title="bbox 373 240 1405 290; baseline -0.012 -9"><span class='ocrx_word' id='word_1_8' title='bbox 373 248 482 281; x_wconf 85' lang='lat' dir='ltr'>tristia</span> <span class='ocrx_word' id='word_1_9' title='bbox 505 249 604 290; x_wconf 82' lang='lat' dir='ltr'>pelle,</span> <span class='ocrx_word' id='word_1_10' title='bbox 1073 251 1142 274; x_wconf 91' lang='lat' dir='ltr'>cum</span> <span class='ocrx_word' id='word_1_11' title='bbox 1171 240 1301 274; x_wconf 70' lang='lat' dir='ltr'>Christo</span> <span class='ocrx_word' id='word_1_12' title='bbox 1328 246 1405 278; x_wconf 86' lang='lat' dir='ltr'>rege</span> 
     </span>
     <span class='ocr_line' id='line_1_4' title="bbox 371 286 1351 338; baseline -0.013 -8"><span class='ocrx_word' id='word_1_13' title='bbox 371 297 490 338; x_wconf 85' lang='lat' dir='ltr'>gaudia</span> <span class='ocrx_word' id='word_1_14' title='bbox 513 298 656 337; x_wconf 84' lang='lat' dir='ltr'>praesta,</span> <span class='ocrx_word' id='word_1_15' title='bbox 1070 290 1106 322; x_wconf 91' lang='lat' dir='ltr'>in</span> <span class='ocrx_word' id='word_1_16' title='bbox 1133 291 1225 321; x_wconf 85' lang='lat' dir='ltr'>veste</span> <span class='ocrx_word' id='word_1_17' title='bbox 1251 286 1351 318; x_wconf 82' lang='lat' dir='ltr'>clara.</span> 
     </span>
    </p>
   </div>
   <div class='ocr_carea' id='block_1_3' title="bbox 366 373 1036 415">
    <p class='ocr_par' dir='ltr' id='par_1_3' title="bbox 366 373 1036 415">
     <span class='ocr_line' id='line_1_5' title="bbox 366 373 1036 415; baseline -0.012 -5"><span class='ocrx_word' id='word_1_18' title='bbox 366 383 452 410; x_wconf 84' lang='lat' dir='ltr'>Miss.</span> <span class='ocrx_word' id='word_1_19' title='bbox 476 382 689 410; x_wconf 80' lang='lat' dir='ltr'>Cameracense</span> <span class='ocrx_word' id='word_1_20' title='bbox 709 381 780 415; x_wconf 66' lang='lat' dir='ltr'>imp,</span> <span class='ocrx_word' id='word_1_21' title='bbox 802 377 929 405; x_wconf 86' lang='lat' dir='ltr'>Parisiis</span> <span class='ocrx_word' id='word_1_22' title='bbox 952 373 1036 404; x_wconf 84' lang='lat'>1542.</span> 
     </span>
    </p>
   </div>
   <div class='ocr_carea' id='block_1_4' title="bbox 729 506 1172 547">
    <p class='ocr_par' dir='ltr' id='par_1_4' title="bbox 729 506 1172 547">
     <span class='ocr_line' id='line_1_6' title="bbox 729 506 1172 547; baseline -0.007 -7"><span class='ocrx_word' id='word_1_23' title='bbox 729 509 791 540; x_wconf 82' lang='lat'>158.</span> <span class='ocrx_word' id='word_1_24' title='bbox 830 507 874 539; x_wconf 89' lang='lat' dir='ltr'>De</span> <span class='ocrx_word' id='word_1_25' title='bbox 895 506 1006 538; x_wconf 85' lang='lat' dir='ltr'>sancto</span> <span class='ocrx_word' id='word_1_26' title='bbox 1028 506 1172 547; x_wconf 82' lang='lat' dir='ltr'>Aegidio.</span> 
     </span>
    </p>
   </div>
   <div class='ocr_carea' id='block_1_5' title="bbox 288 584 1532 1342">
    <p class='ocr_par' dir='ltr' id='par_1_5' title="bbox 288 584 1532 1342">
     <span class='ocr_line' id='line_1_7' title="bbox 291 584 1473 631; baseline -0.008 -5"><span class='ocrx_word' id='word_1_27' title='bbox 291 595 345 628; x_wconf 85' lang='lat' dir='ltr'>la.</span> <span class='ocrx_word' id='word_1_28' title='bbox 373 591 466 631; x_wconf 87' lang='lat' dir='ltr'>Veni,</span> <span class='ocrx_word' id='word_1_29' title='bbox 494 593 605 623; x_wconf 88' lang='lat' dir='ltr'>sancte</span> <span class='ocrx_word' id='word_1_30' title='bbox 635 590 780 631; x_wconf 83' lang='lat' dir='ltr'>spiritus,</span> <span class='ocrx_word' id='word_1_31' title='bbox 991 588 1049 622; x_wconf 90' lang='lat' dir='ltr'>lb.</span> <span class='ocrx_word' id='word_1_32' title='bbox 1073 587 1135 627; x_wconf 73' lang='lat' dir='ltr'>Qui</span> <span class='ocrx_word' id='word_1_33' title='bbox 1162 587 1299 619; x_wconf 90' lang='lat' dir='ltr'>dilectus</span> <span class='ocrx_word' id='word_1_34' title='bbox 1325 584 1473 617; x_wconf 87' lang='lat' dir='ltr'>omnibus</span> 
     </span>
     <span class='ocr_line' id='line_1_8' title="bbox 371 633 1440 679; baseline -0.007 -8"><span class='ocrx_word' id='word_1_35' title='bbox 371 640 435 672; x_wconf 88' lang='lat' dir='ltr'>Per</span> <span class='ocrx_word' id='word_1_36' title='bbox 462 647 555 679; x_wconf 89' lang='lat' dir='ltr'>quem</span> <span class='ocrx_word' id='word_1_37' title='bbox 578 638 680 670; x_wconf 85' lang='lat' dir='ltr'>abbas</span> <span class='ocrx_word' id='word_1_38' title='bbox 705 637 838 670; x_wconf 84' lang='lat' dir='ltr'>inclitus</span> <span class='ocrx_word' id='word_1_39' title='bbox 1072 636 1181 677; x_wconf 87' lang='lat' dir='ltr'>Signis</span> <span class='ocrx_word' id='word_1_40' title='bbox 1209 638 1241 667; x_wconf 91' lang='lat' dir='ltr'>et</span> <span class='ocrx_word' id='word_1_41' title='bbox 1263 633 1440 667; x_wconf 88' lang='lat' dir='ltr'>virtutibus</span> 
     </span>
     <span class='ocr_line' id='line_1_9' title="bbox 424 682 1473 727; baseline -0.006 -8"><span class='ocrx_word' id='word_1_42' title='bbox 424 687 554 719; x_wconf 84' lang='lat' dir='ltr'>Floruit</span> <span class='ocrx_word' id='word_1_43' title='bbox 581 686 751 727; x_wconf 89' lang='lat' dir='ltr'>Aegidius,</span> <span class='ocrx_word' id='word_1_44' title='bbox 1123 683 1199 717; x_wconf 87' lang='lat' dir='ltr'>Sole</span> <span class='ocrx_word' id='word_1_45' title='bbox 1224 682 1318 716; x_wconf 82' lang='lat' dir='ltr'>fulsit</span> <span class='ocrx_word' id='word_1_46' title='bbox 1344 682 1473 714; x_wconf 85' lang='lat' dir='ltr'>clarius.</span> 
     </span>
     <span class='ocr_line' id='line_1_10' title="bbox 290 740 1385 786; baseline -0.006 -7"><span class='ocrx_word' id='word_1_47' title='bbox 290 749 346 780; x_wconf 85' lang='lat' dir='ltr'>2a.</span> <span class='ocrx_word' id='word_1_48' title='bbox 375 745 467 778; x_wconf 79' lang='lat' dir='ltr'>Sicut</span> <span class='ocrx_word' id='word_1_49' title='bbox 492 744 638 777; x_wconf 85' lang='lat' dir='ltr'>Christus</span> <span class='ocrx_word' id='word_1_50' title='bbox 667 744 786 786; x_wconf 80' lang='lat' dir='ltr'>docuit,</span> <span class='ocrx_word' id='word_1_51' title='bbox 990 742 1049 776; x_wconf 81' lang='lat'>210.</span> <span class='ocrx_word' id='word_1_52' title='bbox 1075 742 1180 776; x_wconf 80' lang='lat' dir='ltr'>Cerva</span> <span class='ocrx_word' id='word_1_53' title='bbox 1205 740 1385 774; x_wconf 90' lang='lat' dir='ltr'>solitarium</span> 
     </span>
     <span class='ocr_line' id='line_1_11' title="bbox 371 789 1369 834; baseline -0.005 -9"><span class='ocrx_word' id='word_1_54' title='bbox 371 793 492 834; x_wconf 86' lang='lat' dir='ltr'>Egenis</span> <span class='ocrx_word' id='word_1_55' title='bbox 520 791 688 825; x_wconf 83' lang='lat' dir='ltr'>distribuit</span> <span class='ocrx_word' id='word_1_56' title='bbox 1073 791 1168 823; x_wconf 82' lang='lat' dir='ltr'>Aluit</span> <span class='ocrx_word' id='word_1_57' title='bbox 1191 789 1369 830; x_wconf 88' lang='lat' dir='ltr'>Aegidium</span> 
     </span>
     <span class='ocr_line' id='line_1_12' title="bbox 418 837 1429 882; baseline -0.002 -10"><span class='ocrx_word' id='word_1_58' title='bbox 418 841 527 882; x_wconf 84' lang='lat' dir='ltr'>Large</span> <span class='ocrx_word' id='word_1_59' title='bbox 556 840 762 882; x_wconf 82' lang='lat' dir='ltr'>patrimonia,</span> <span class='ocrx_word' id='word_1_60' title='bbox 1122 839 1185 871; x_wconf 88' lang='lat' dir='ltr'>Dei</span> <span class='ocrx_word' id='word_1_61' title='bbox 1210 837 1429 879; x_wconf 82' lang='lat' dir='ltr'>providentia.</span> 
     </span>
     <span class='ocr_line' id='line_1_13' title="bbox 289 893 1444 939; baseline -0.007 -5"><span class='ocrx_word' id='word_1_62' title='bbox 289 902 344 934; x_wconf 81' lang='lat' dir='ltr'>3a.</span> <span class='ocrx_word' id='word_1_63' title='bbox 374 900 422 933; x_wconf 87' lang='lat' dir='ltr'>Ut</span> <span class='ocrx_word' id='word_1_64' title='bbox 444 899 600 931; x_wconf 89' lang='lat' dir='ltr'>virtutum</span> <span class='ocrx_word' id='word_1_65' title='bbox 627 899 794 939; x_wconf 89' lang='lat' dir='ltr'>speculum</span> <span class='ocrx_word' id='word_1_66' title='bbox 990 897 1050 931; x_wconf 87' lang='lat' dir='ltr'>3b.</span> <span class='ocrx_word' id='word_1_67' title='bbox 1074 897 1256 937; x_wconf 75' lang='lat' dir='ltr'><strong>Imperavit</strong></span> <span class='ocrx_word' id='word_1_68' title='bbox 1279 893 1444 935; x_wconf 90' lang='lat' dir='ltr'>fiuctibus,</span> 
     </span>
     <span class='ocr_line' id='line_1_14' title="bbox 374 942 1507 986; baseline -0.004 -7"><span class='ocrx_word' id='word_1_69' title='bbox 374 947 484 981; x_wconf 87' lang='lat' dir='ltr'>Caroli</span> <span class='ocrx_word' id='word_1_70' title='bbox 508 947 673 986; x_wconf 84' lang='lat' dir='ltr'>piaculum</span> <span class='ocrx_word' id='word_1_71' title='bbox 1073 945 1200 978; x_wconf 83' lang='lat' dir='ltr'>Morbis</span> <span class='ocrx_word' id='word_1_72' title='bbox 1228 946 1261 976; x_wconf 86' lang='lat' dir='ltr'>et</span> <span class='ocrx_word' id='word_1_73' title='bbox 1287 942 1507 983; x_wconf 85' lang='lat' dir='ltr'>daemonibus,</span> 
     </span>
     <span class='ocr_line' id='line_1_15' title="bbox 421 992 1454 1036; baseline -0.003 -10"><span class='ocrx_word' id='word_1_74' title='bbox 421 995 525 1027; x_wconf 85' lang='lat' dir='ltr'>Prece</span> <span class='ocrx_word' id='word_1_75' title='bbox 553 995 610 1035; x_wconf 88' lang='lat' dir='ltr'>pia</span> <span class='ocrx_word' id='word_1_76' title='bbox 637 995 751 1036; x_wconf 89' lang='lat' dir='ltr'>doluit,</span> <span class='ocrx_word' id='word_1_77' title='bbox 1121 993 1193 1026; x_wconf 90' lang='lat' dir='ltr'>Deo</span> <span class='ocrx_word' id='word_1_78' title='bbox 1219 992 1295 1034; x_wconf 86' lang='lat' dir='ltr'>quia</span> <span class='ocrx_word' id='word_1_79' title='bbox 1319 992 1454 1031; x_wconf 83' lang='lat' dir='ltr'>placuit.</span> 
     </span>
     <span class='ocr_line' id='line_1_16' title="bbox 288 1049 1445 1088; baseline -0.006 0"><span class='ocrx_word' id='word_1_80' title='bbox 288 1056 344 1088; x_wconf 80' lang='lat' dir='ltr'>4a.</span> <span class='ocrx_word' id='word_1_81' title='bbox 371 1054 436 1087; x_wconf 84' lang='lat' dir='ltr'>Hic</span> <span class='ocrx_word' id='word_1_82' title='bbox 461 1052 582 1085; x_wconf 86' lang='lat' dir='ltr'>amicus</span> <span class='ocrx_word' id='word_1_83' title='bbox 607 1052 742 1085; x_wconf 87' lang='lat' dir='ltr'>Domini</span> <span class='ocrx_word' id='word_1_84' title='bbox 989 1051 1050 1084; x_wconf 86' lang='lat' dir='ltr'>4b.</span> <span class='ocrx_word' id='word_1_85' title='bbox 1075 1051 1174 1084; x_wconf 87' lang='lat' dir='ltr'>Unde</span> <span class='ocrx_word' id='word_1_86' title='bbox 1199 1050 1305 1084; x_wconf 86' lang='lat' dir='ltr'>sancti</span> <span class='ocrx_word' id='word_1_87' title='bbox 1328 1049 1445 1081; x_wconf 85' lang='lat' dir='ltr'>limina</span> 
     </span>
     <span class='ocr_line' id='line_1_17' title="bbox 371 1098 1431 1140; baseline -0.004 -7"><span class='ocrx_word' id='word_1_88' title='bbox 371 1101 464 1133; x_wconf 70' lang='lat' dir='ltr'>Nulli</span> <span class='ocrx_word' id='word_1_89' title='bbox 491 1101 607 1133; x_wconf 83' lang='lat' dir='ltr'>clausit</span> <span class='ocrx_word' id='word_1_90' title='bbox 631 1101 754 1133; x_wconf 89' lang='lat' dir='ltr'>homini</span> <span class='ocrx_word' id='word_1_91' title='bbox 1071 1099 1243 1140; x_wconf 83' lang='lat' dir='ltr'>Flagitans</span> <span class='ocrx_word' id='word_1_92' title='bbox 1270 1098 1431 1130; x_wconf 88' lang='lat' dir='ltr'>solamina</span> 
     </span>
     <span class='ocr_line' id='line_1_18' title="bbox 421 1146 1532 1189; baseline -0.003 -8"><span class='ocrx_word' id='word_1_93' title='bbox 421 1149 559 1182; x_wconf 86' lang='lat' dir='ltr'>Pietatis</span> <span class='ocrx_word' id='word_1_94' title='bbox 585 1149 722 1189; x_wconf 85' lang='lat' dir='ltr'>viscera,</span> <span class='ocrx_word' id='word_1_95' title='bbox 1121 1148 1212 1181; x_wconf 84' lang='lat' dir='ltr'>Petit,</span> <span class='ocrx_word' id='word_1_96' title='bbox 1235 1146 1330 1188; x_wconf 81' lang='lat' dir='ltr'>plebs</span> <span class='ocrx_word' id='word_1_97' title='bbox 1352 1147 1532 1179; x_wconf 85' lang='lat' dir='ltr'>innumera.</span> 
     </span>
     <span class='ocr_line' id='line_1_19' title="bbox 290 1205 1412 1247; baseline -0.005 -5"><span class='ocrx_word' id='word_1_98' title='bbox 290 1210 348 1242; x_wconf 67' lang='lat'>52.</span> <span class='ocrx_word' id='word_1_99' title='bbox 378 1208 402 1240; x_wconf 98' lang='lat' dir='ltr'>O</span> <span class='ocrx_word' id='word_1_100' title='bbox 428 1207 480 1239; x_wconf 91' lang='lat' dir='ltr'>vir</span> <span class='ocrx_word' id='word_1_101' title='bbox 504 1205 689 1247; x_wconf 83' lang='lat' dir='ltr'>ineffabilis,</span> <span class='ocrx_word' id='word_1_102' title='bbox 991 1205 1050 1240; x_wconf 87' lang='lat' dir='ltr'>5b.</span> <span class='ocrx_word' id='word_1_103' title='bbox 1074 1205 1258 1238; x_wconf 85' lang='lat' dir='ltr'>Suscitator</span> <span class='ocrx_word' id='word_1_104' title='bbox 1281 1205 1412 1245; x_wconf 89' lang='lat' dir='ltr'>mortui,</span> 
     </span>
     <span class='ocr_line' id='line_1_20' title="bbox 374 1251 1511 1293; baseline -0.003 -6"><span class='ocrx_word' id='word_1_105' title='bbox 374 1255 452 1287; x_wconf 83' lang='lat' dir='ltr'>Flos</span> <span class='ocrx_word' id='word_1_106' title='bbox 480 1254 678 1287; x_wconf 81' lang='lat' dir='ltr'>Graecorum</span> <span class='ocrx_word' id='word_1_107' title='bbox 704 1254 823 1287; x_wconf 90' lang='lat' dir='ltr'>nobilis</span> <span class='ocrx_word' id='word_1_108' title='bbox 1072 1253 1142 1286; x_wconf 81' lang='lat' dir='ltr'>Fac</span> <span class='ocrx_word' id='word_1_109' title='bbox 1166 1263 1226 1286; x_wconf 90' lang='lat' dir='ltr'>nos</span> <span class='ocrx_word' id='word_1_110' title='bbox 1252 1255 1360 1285; x_wconf 88' lang='lat' dir='ltr'>tecum</span> <span class='ocrx_word' id='word_1_111' title='bbox 1384 1251 1511 1293; x_wconf 86' lang='lat' dir='ltr'>perfrui</span> 
     </span>
     <span class='ocr_line' id='line_1_21' title="bbox 421 1301 1492 1342; baseline -0.002 -7"><span class='ocrx_word' id='word_1_112' title='bbox 421 1303 466 1335; x_wconf 86' lang='lat' dir='ltr'>Et</span> <span class='ocrx_word' id='word_1_113' title='bbox 493 1303 590 1335; x_wconf 87' lang='lat' dir='ltr'>decus</span> <span class='ocrx_word' id='word_1_114' title='bbox 615 1303 818 1341; x_wconf 78' lang='lat' dir='ltr'>Provinciae,</span> <span class='ocrx_word' id='word_1_115' title='bbox 1122 1303 1224 1336; x_wconf 88' lang='lat' dir='ltr'>Vultu</span> <span class='ocrx_word' id='word_1_116' title='bbox 1248 1301 1334 1342; x_wconf 89' lang='lat' dir='ltr'>regis</span> <span class='ocrx_word' id='word_1_117' title='bbox 1360 1302 1492 1342; x_wconf 89' lang='lat' dir='ltr'>gloriae.</span> 
     </span>
    </p>
   </div>
   <div class='ocr_carea' id='block_1_6' title="bbox 287 1385 1633 1464">
    <p class='ocr_par' dir='ltr' id='par_1_6' title="bbox 287 1385 1633 1464">
     <span class='ocr_line' id='line_1_22' title="bbox 366 1385 1633 1423; baseline -0.002 -7"><span class='ocrx_word' id='word_1_118' title='bbox 366 1388 455 1418; x_wconf 82' lang='lat' dir='ltr'>Grad.</span> <span class='ocrx_word' id='word_1_119' title='bbox 476 1397 530 1416; x_wconf 88' lang='lat' dir='ltr'>ms.</span> <span class='ocrx_word' id='word_1_120' title='bbox 544 1389 735 1416; x_wconf 80' lang='lat' dir='ltr'>Franciscan.</span> <span class='ocrx_word' id='word_1_121' title='bbox 756 1390 789 1416; x_wconf 90' lang='lat' dir='ltr'>in</span> <span class='ocrx_word' id='word_1_122' title='bbox 802 1387 882 1415; x_wconf 76' lang='lat' dir='ltr'>Hiils</span> <span class='ocrx_word' id='word_1_123' title='bbox 903 1396 980 1416; x_wconf 87' lang='lat' dir='ltr'>saec.</span> <span class='ocrx_word' id='word_1_124' title='bbox 997 1386 1042 1416; x_wconf 88' lang='grc'>15.</span> <span class='ocrx_word' id='word_1_125' title='bbox 1062 1387 1133 1416; x_wconf 88' lang='lat' dir='ltr'>Cod.</span> <span class='ocrx_word' id='word_1_126' title='bbox 1150 1388 1328 1417; x_wconf 75' lang='lat' dir='ltr'>Novesiens.</span> <span class='ocrx_word' id='word_1_127' title='bbox 1345 1385 1578 1423; x_wconf 81' lang='lat' dir='ltr'>(Privatbesitz).</span> <span class='ocrx_word' id='word_1_128' title='bbox 1597 1402 1633 1407; x_wconf 91' lang='lat'>—-</span> 
     </span>
     <span class='ocr_line' id='line_1_23' title="bbox 287 1427 754 1464; baseline -0.004 -7"><span class='ocrx_word' id='word_1_129' title='bbox 287 1428 375 1457; x_wconf 76' lang='lat' dir='ltr'>Me1.:</span> <span class='ocrx_word' id='word_1_130' title='bbox 398 1427 476 1455; x_wconf 64' lang='lat' dir='ltr'>Vzeni</span> <span class='ocrx_word' id='word_1_131' title='bbox 497 1430 600 1455; x_wconf 67' lang='lat' dir='ltr'>2anete</span> <span class='ocrx_word' id='word_1_132' title='bbox 621 1428 754 1464; x_wconf 81' lang='lat' dir='ltr'>spiritus.</span> 
     </span>
    </p>
   </div>
   <div class='ocr_carea' id='block_1_7' title="bbox 741 1558 1177 1600">
    <p class='ocr_par' dir='ltr' id='par_1_7' title="bbox 741 1558 1177 1600">
     <span class='ocr_line' id='line_1_24' title="bbox 741 1558 1177 1600; baseline 0 -8"><span class='ocrx_word' id='word_1_133' title='bbox 741 1559 804 1592; x_wconf 82' lang='lat'>159.</span> <span class='ocrx_word' id='word_1_134' title='bbox 845 1558 891 1591; x_wconf 89' lang='lat' dir='ltr'>De</span> <span class='ocrx_word' id='word_1_135' title='bbox 912 1560 1025 1591; x_wconf 84' lang='lat' dir='ltr'>sancta</span> <span class='ocrx_word' id='word_1_136' title='bbox 1045 1560 1177 1600; x_wconf 77' lang='lat' dir='ltr'>Agnete.</span> 
     </span>
    </p>
   </div>
   <div class='ocr_carea' id='block_1_8' title="bbox 289 1640 1556 2388">
    <p class='ocr_par' dir='ltr' id='par_1_8' title="bbox 289 1640 1556 2388">
     <span class='ocr_line' id='line_1_25' title="bbox 290 1640 1433 1682; baseline 0 -8"><span class='ocrx_word' id='word_1_137' title='bbox 290 1645 348 1677; x_wconf 66' lang='lat' dir='ltr'>la.</span> <span class='ocrx_word' id='word_1_138' title='bbox 374 1641 510 1682; x_wconf 79' lang='lat' dir='ltr'>Agnetis</span> <span class='ocrx_word' id='word_1_139' title='bbox 536 1642 693 1674; x_wconf 86' lang='lat' dir='ltr'>solemnio</span> <span class='ocrx_word' id='word_1_140' title='bbox 989 1640 1050 1674; x_wconf 78' lang='lat' dir='ltr'>lb.</span> <span class='ocrx_word' id='word_1_141' title='bbox 1073 1641 1214 1674; x_wconf 72' lang='lat' dir='ltr'>Pudor-is</span> <span class='ocrx_word' id='word_1_142' title='bbox 1241 1641 1433 1674; x_wconf 88' lang='lat' dir='ltr'>commercio</span> 
     </span>
     <span class='ocr_line' id='line_1_26' title="bbox 374 1689 1385 1732; baseline 0 -11"><span class='ocrx_word' id='word_1_143' title='bbox 374 1689 517 1722; x_wconf 81' lang='lat' dir='ltr'>Ferveat</span> <span class='ocrx_word' id='word_1_144' title='bbox 548 1690 688 1731; x_wconf 84' lang='lat' dir='ltr'>devotio,</span> <span class='ocrx_word' id='word_1_145' title='bbox 1075 1689 1181 1722; x_wconf 84' lang='lat' dir='ltr'>Nubit</span> <span class='ocrx_word' id='word_1_146' title='bbox 1205 1698 1281 1723; x_wconf 85' lang='lat' dir='ltr'>rosa</span> <span class='ocrx_word' id='word_1_147' title='bbox 1305 1689 1385 1732; x_wconf 86' lang='lat' dir='ltr'>lilio,</span> 
     </span>
     <span class='ocr_line' id='line_1_27' title="bbox 372 1737 1415 1780; baseline 0 -10"><span class='ocrx_word' id='word_1_148' title='bbox 372 1737 452 1770; x_wconf 87' lang='lat' dir='ltr'>Dies</span> <span class='ocrx_word' id='word_1_149' title='bbox 487 1738 585 1779; x_wconf 87' lang='lat' dir='ltr'>digna</span> <span class='ocrx_word' id='word_1_150' title='bbox 609 1739 738 1780; x_wconf 81' lang='lat' dir='ltr'>gaudio,</span> <span class='ocrx_word' id='word_1_151' title='bbox 1074 1738 1186 1779; x_wconf 88' lang='lat' dir='ltr'>Agnes</span> <span class='ocrx_word' id='word_1_152' title='bbox 1209 1747 1291 1780; x_wconf 82' lang='lat' dir='ltr'>agno</span> <span class='ocrx_word' id='word_1_153' title='bbox 1316 1739 1415 1779; x_wconf 92' lang='lat' dir='ltr'>socio,</span> 
     </span>
     <span class='ocr_line' id='line_1_28' title="bbox 420 1786 1371 1820; baseline 0.002 -2"><span class='ocrx_word' id='word_1_154' title='bbox 420 1787 547 1819; x_wconf 83' lang='lat' dir='ltr'>Psallat</span> <span class='ocrx_word' id='word_1_155' title='bbox 574 1787 701 1820; x_wconf 88' lang='lat' dir='ltr'>chorus.</span> <span class='ocrx_word' id='word_1_156' title='bbox 1123 1787 1220 1819; x_wconf 83' lang='lat' dir='ltr'>Felix</span> <span class='ocrx_word' id='word_1_157' title='bbox 1244 1786 1371 1820; x_wconf 85' lang='lat' dir='ltr'>thorus.</span> 
     </span>
     <span class='ocr_line' id='line_1_29' title="bbox 289 1844 1556 1889; baseline -0.001 -10"><span class='ocrx_word' id='word_1_158' title='bbox 289 1848 345 1879; x_wconf 83' lang='lat' dir='ltr'>2a.</span> <span class='ocrx_word' id='word_1_159' title='bbox 373 1846 484 1885; x_wconf 87' lang='lat' dir='ltr'>Agnes</span> <span class='ocrx_word' id='word_1_160' title='bbox 512 1845 609 1886; x_wconf 86' lang='lat' dir='ltr'>digne</span> <span class='ocrx_word' id='word_1_161' title='bbox 637 1845 766 1889; x_wconf 86' lang='lat' dir='ltr'>dicitur,</span> <span class='ocrx_word' id='word_1_162' title='bbox 991 1844 1051 1878; x_wconf 81' lang='lat' dir='ltr'>2b.</span> <span class='ocrx_word' id='word_1_163' title='bbox 1073 1846 1198 1878; x_wconf 84' lang='lat' dir='ltr'>Amans</span> <span class='ocrx_word' id='word_1_164' title='bbox 1226 1846 1303 1878; x_wconf 87' lang='lat' dir='ltr'>dum</span> <span class='ocrx_word' id='word_1_165' title='bbox 1330 1846 1556 1887; x_wconf 82' lang='lat' dir='ltr'>contemnitur,</span> 
     </span>
     <span class='ocr_line' id='line_1_30' title="bbox 371 1893 1488 1935; baseline 0.002 -11"><span class='ocrx_word' id='word_1_166' title='bbox 371 1893 460 1933; x_wconf 77' lang='lat' dir='ltr'>Quae</span> <span class='ocrx_word' id='word_1_167' title='bbox 485 1893 534 1925; x_wconf 89' lang='lat' dir='ltr'>sic</span> <span class='ocrx_word' id='word_1_168' title='bbox 559 1903 641 1934; x_wconf 89' lang='lat' dir='ltr'>agno</span> <span class='ocrx_word' id='word_1_169' title='bbox 664 1894 822 1935; x_wconf 86' lang='lat' dir='ltr'>jungitur,</span> <span class='ocrx_word' id='word_1_170' title='bbox 1074 1893 1182 1935; x_wconf 87' lang='lat' dir='ltr'>Furit,</span> <span class='ocrx_word' id='word_1_171' title='bbox 1209 1895 1294 1926; x_wconf 84' lang='lat' dir='ltr'>lecto</span> <span class='ocrx_word' id='word_1_172' title='bbox 1320 1894 1488 1935; x_wconf 82' lang='lat' dir='ltr'>sternitur,</span> 
     </span>
     <span class='ocr_line' id='line_1_31' title="bbox 373 1941 1447 1982; baseline 0.002 -9"><span class='ocrx_word' id='word_1_173' title='bbox 373 1942 467 1982; x_wconf 74' lang='lat' dir='ltr'>Quod</span> <span class='ocrx_word' id='word_1_174' title='bbox 495 1941 588 1974; x_wconf 91' lang='lat' dir='ltr'>donis</span> <span class='ocrx_word' id='word_1_175' title='bbox 612 1951 679 1974; x_wconf 92' lang='lat' dir='ltr'>non</span> <span class='ocrx_word' id='word_1_176' title='bbox 704 1941 847 1974; x_wconf 87' lang='lat' dir='ltr'>flectitur</span> <span class='ocrx_word' id='word_1_177' title='bbox 1073 1943 1105 1974; x_wconf 93' lang='lat' dir='ltr'>A</span> <span class='ocrx_word' id='word_1_178' title='bbox 1130 1941 1268 1975; x_wconf 86' lang='lat' dir='ltr'>medicis</span> <span class='ocrx_word' id='word_1_179' title='bbox 1294 1942 1447 1982; x_wconf 86' lang='lat' dir='ltr'>proditur</span> 
     </span>
     <span class='ocr_line' id='line_1_32' title="bbox 423 1989 1381 2023; baseline 0.001 -2"><span class='ocrx_word' id='word_1_180' title='bbox 423 1989 495 2021; x_wconf 81' lang='lat' dir='ltr'>Nec</span> <span class='ocrx_word' id='word_1_181' title='bbox 519 1990 700 2022; x_wconf 87' lang='lat' dir='ltr'>tormentis.</span> <span class='ocrx_word' id='word_1_182' title='bbox 1126 1991 1229 2022; x_wconf 88' lang='lat' dir='ltr'>Amor</span> <span class='ocrx_word' id='word_1_183' title='bbox 1252 1990 1381 2023; x_wconf 88' lang='lat' dir='ltr'>mentis.</span> 
     </span>
     <span class='ocr_line' id='line_1_33' title="bbox 290 2046 1479 2093; baseline 0.003 -14"><span class='ocrx_word' id='word_1_184' title='bbox 290 2049 346 2082; x_wconf 83' lang='lat' dir='ltr'>3a.</span> <span class='ocrx_word' id='word_1_185' title='bbox 374 2047 485 2087; x_wconf 81' lang='lat' dir='ltr'>Rapta</span> <span class='ocrx_word' id='word_1_186' title='bbox 509 2050 602 2079; x_wconf 91' lang='lat' dir='ltr'>veste</span> <span class='ocrx_word' id='word_1_187' title='bbox 625 2048 748 2089; x_wconf 85' lang='lat' dir='ltr'>tegitur</span> <span class='ocrx_word' id='word_1_188' title='bbox 993 2046 1052 2082; x_wconf 84' lang='lat' dir='ltr'>3b.</span> <span class='ocrx_word' id='word_1_189' title='bbox 1077 2047 1175 2081; x_wconf 86' lang='lat' dir='ltr'>Coelo</span> <span class='ocrx_word' id='word_1_190' title='bbox 1201 2047 1301 2080; x_wconf 86' lang='lat' dir='ltr'>vestis</span> <span class='ocrx_word' id='word_1_191' title='bbox 1326 2048 1479 2093; x_wconf 86' lang='lat' dir='ltr'>mittitur,</span> 
     </span>
     <span class='ocr_line' id='line_1_34' title="bbox 374 2095 1447 2139; baseline 0.002 -12"><span class='ocrx_word' id='word_1_192' title='bbox 374 2095 522 2136; x_wconf 84' lang='lat' dir='ltr'>Capillis,</span> <span class='ocrx_word' id='word_1_193' title='bbox 549 2098 625 2136; x_wconf 82' lang='lat' dir='ltr'>post</span> <span class='ocrx_word' id='word_1_194' title='bbox 651 2096 780 2128; x_wconf 87' lang='lat' dir='ltr'>ducitur</span> <span class='ocrx_word' id='word_1_195' title='bbox 1075 2095 1220 2135; x_wconf 87' lang='lat' dir='ltr'>Angelus</span> <span class='ocrx_word' id='word_1_196' title='bbox 1247 2095 1447 2139; x_wconf 75' lang='lat' dir='ltr'>obsequitur,</span> 
     </span>
     <span class='ocr_line' id='line_1_35' title="bbox 376 2144 1446 2185; baseline 0.002 -9"><span class='ocrx_word' id='word_1_197' title='bbox 376 2144 432 2176; x_wconf 85' lang='lat' dir='ltr'>Ad</span> <span class='ocrx_word' id='word_1_198' title='bbox 456 2144 606 2184; x_wconf 79' lang='lat' dir='ltr'>lupanar,</span> <span class='ocrx_word' id='word_1_199' title='bbox 633 2144 799 2185; x_wconf 84' lang='lat' dir='ltr'>spargitur</span> <span class='ocrx_word' id='word_1_200' title='bbox 1077 2144 1205 2185; x_wconf 86' lang='lat' dir='ltr'>Interit,</span> <span class='ocrx_word' id='word_1_201' title='bbox 1234 2144 1288 2185; x_wconf 82' lang='lat' dir='ltr'>qui</span> <span class='ocrx_word' id='word_1_202' title='bbox 1315 2145 1446 2178; x_wconf 88' lang='lat' dir='ltr'>ducitur</span> 
     </span>
     <span class='ocr_line' id='line_1_36' title="bbox 424 2192 1364 2226; baseline 0 0"><span class='ocrx_word' id='word_1_203' title='bbox 424 2192 514 2226; x_wconf 83' lang='lat' dir='ltr'>Coeli</span> <span class='ocrx_word' id='word_1_204' title='bbox 538 2192 622 2226; x_wconf 84' lang='lat' dir='ltr'>luce.</span> <span class='ocrx_word' id='word_1_205' title='bbox 1124 2192 1245 2225; x_wconf 81' lang='lat' dir='ltr'>Mortis</span> <span class='ocrx_word' id='word_1_206' title='bbox 1273 2193 1364 2226; x_wconf 88' lang='lat' dir='ltr'>duce.</span> 
     </span>
     <span class='ocr_line' id='line_1_37' title="bbox 291 2247 1469 2293; baseline 0.002 -11"><span class='ocrx_word' id='word_1_207' title='bbox 291 2251 349 2283; x_wconf 68' lang='lat'>421.</span> <span class='ocrx_word' id='word_1_208' title='bbox 375 2249 439 2282; x_wconf 92' lang='lat' dir='ltr'>Illo</span> <span class='ocrx_word' id='word_1_209' title='bbox 463 2250 551 2282; x_wconf 52' lang='lat' dir='ltr'>vitae</span> <span class='ocrx_word' id='word_1_210' title='bbox 575 2249 707 2281; x_wconf 89' lang='lat' dir='ltr'>reddito</span> <span class='ocrx_word' id='word_1_211' title='bbox 991 2247 1052 2280; x_wconf 85' lang='lat' dir='ltr'>4b.</span> <span class='ocrx_word' id='word_1_212' title='bbox 1074 2249 1157 2283; x_wconf 85' lang='lat' dir='ltr'>Post</span> <span class='ocrx_word' id='word_1_213' title='bbox 1186 2253 1322 2283; x_wconf 88' lang='lat' dir='ltr'>necatur</span> <span class='ocrx_word' id='word_1_214' title='bbox 1347 2252 1469 2293; x_wconf 90' lang='lat' dir='ltr'>gladio,</span> 
     </span>
     <span class='ocr_line' id='line_1_38' title="bbox 374 2296 1438 2339; baseline 0.003 -10"><span class='ocrx_word' id='word_1_215' title='bbox 374 2297 531 2330; x_wconf 84' lang='lat' dir='ltr'>Flammis</span> <span class='ocrx_word' id='word_1_216' title='bbox 558 2298 635 2330; x_wconf 74' lang='lat' dir='ltr'>data</span> <span class='ocrx_word' id='word_1_217' title='bbox 660 2296 767 2329; x_wconf 90' lang='lat' dir='ltr'>subito</span> <span class='ocrx_word' id='word_1_218' title='bbox 1076 2298 1249 2339; x_wconf 85' lang='lat' dir='ltr'>Virginum</span> <span class='ocrx_word' id='word_1_219' title='bbox 1275 2300 1438 2332; x_wconf 85' lang='lat' dir='ltr'>consortio</span> 
     </span>
     <span class='ocr_line' id='line_1_39' title="bbox 376 2345 1430 2388; baseline 0.001 -11"><span class='ocrx_word' id='word_1_220' title='bbox 376 2345 541 2388; x_wconf 84' lang='lat' dir='ltr'>Servatur,</span> <span class='ocrx_word' id='word_1_221' title='bbox 570 2346 631 2378; x_wconf 89' lang='lat' dir='ltr'>sed</span> <span class='ocrx_word' id='word_1_222' title='bbox 652 2345 768 2377; x_wconf 88' lang='lat' dir='ltr'>merito</span> <span class='ocrx_word' id='word_1_223' title='bbox 1076 2347 1171 2387; x_wconf 84' lang='lat' dir='ltr'>Agno</span> <span class='ocrx_word' id='word_1_224' title='bbox 1199 2347 1319 2380; x_wconf 78' lang='lat' dir='ltr'>dextra</span> <span class='ocrx_word' id='word_1_225' title='bbox 1341 2347 1430 2379; x_wconf 90' lang='lat' dir='ltr'>socio</span> 
     </span>
    </p>
   </div>
   <div class='ocr_carea' id='block_1_9' title="bbox 427 2393 1387 2429">
    <p class='ocr_par' dir='ltr' id='par_1_9' title="bbox 427 2393 1387 2429">
     <span class='ocr_line' id='line_1_40' title="bbox 427 2393 1387 2429; baseline 0.003 -4"><span class='ocrx_word' id='word_1_226' title='bbox 427 2393 514 2426; x_wconf 76' lang='lat' dir='ltr'>Grens</span> <span class='ocrx_word' id='word_1_227' title='bbox 542 2396 713 2427; x_wconf 81' lang='lat' dir='ltr'>crematur.</span> <span class='ocrx_word' id='word_1_228' title='bbox 1123 2394 1387 2429; x_wconf 81' lang='lat' dir='ltr'>Demonstratur.</span> 
     </span>
    </p>
   </div>
  </div>
 </body>
</html>
