1652 2678
659 126 708 131 ———
759 105 827 141 106
876 124 925 130 -—

136 207 192 239 ¹?a.
219 206 271 240 Sit
292 208 364 240 laus
388 206 459 239 Deo
482 206 582 246 patri,
825 201 886 236 7b.
908 201 995 234 Laus
1018 200 1060 232 sit
1085 199 1157 240 tibi,
1182 201 1269 238 nate,

212 255 299 288 Laus
326 255 457 296 reginae
481 253 588 294 matri,
907 249 955 282 Ut
978 248 1064 289 proli
1089 247 1214 287 beatae,

261 304 348 337 Laus
374 306 520 335 sacratae
545 299 673 341 virgini.
957 297 1044 329 Laus
1074 296 1119 328 sit
1142 297 1254 328 sancto
1279 292 1417 326 flamini.

129 363 184 397 821.
213 362 262 394 Sit
286 362 357 394 laus
383 359 532 399 trinitati,
825 354 884 388 Sb.
908 354 1031 395 Quibus
1056 363 1118 394 par
1143 355 1299 394 potestas,

215 410 300 442 Laus
326 409 369 440 sit
394 407 520 446 unitati,
909 402 1065 443 Aequalis
1090 403 1244 443 majestas

263 456 382 491 Tribus
407 456 478 488 laus
504 455 547 486 sit
569 451 693 492 sedula,
955 452 1020 484 Per
1041 453 1175 483 aeterna
1199 450 1338 482 saecula.

130 516 186 550 92.
213 515 268 548 Ad
295 514 376 547 coeli
401 523 459 545 nos
484 512 540 552 pia
826 508 884 542 9b.
908 508 974 542 Ubi
999 517 1065 548 pax
1091 512 1124 540 et
1149 508 1217 540 vita

215 563 283 595 Fac
307 570 414 605 prece,
440 560 560 593 Maria.
910 556 956 590 Et
977 558 1050 590 laus
1074 555 1204 590 infinita

262 609 427 643 Scandere
451 608 585 649 palatia,
961 605 1027 640 Ubi
1051 605 1140 638 Deus
1168 605 1284 638 omnia.

209 696 290 724 mss.
312 703 366 722 ms.
387 695 608 730 Rntomagense
629 701 704 722 saec,
732 691 774 721 14.
798 692 870 721 God.
889 693 1099 729 Rotomagens.
1121 690 1187 719 277.

576 816 638 850 139.
679 817 724 848 Dc
743 816 840 848 beata
859 815 962 847 Maria
983 815 1020 846 V.

131 900 188 935 la.
215 901 317 932 Amor
342 899 474 932 vincens
500 899 607 932 omnia
829 896 889 930 lb.
912 896 1043 930 Amoris
1067 895 1240 938 flagrantia

216 947 343 980 Mariae
367 947 561 988 praecordia
914 944 1032 978 cordis
1057 944 1239 985 penetralia

263 994 464 1037 Penetravit,
961 992 1190 1027 Perlustravit.

132 1057 190 1089 2a.
218 1054 335 1087 Coi-dis
358 1054 394 1086 in
417 1053 577 1087 munditia
829 1051 888 1085 21³.
908 1051 1076 1083 Virtutum
1099 1049 1285 1092 frequentia

218 1102 404 1135 Gratiarum
429 1102 523 1143 copia
914 1099 967 1133 Ab
992 1098 1117 1131 intimis
1143 1097 1223 1132 vitia

266 1151 454 1193 Pullulavit,
962 1147 1142 1188 Relegavit.

132 1213 190 1244 311.
218 1209 256 1242 In
282 1212 348 1242 tam
373 1218 457 1249 pura
478 1209 568 1249 regia
831 1206 889 1240 3b.
914 1206 965 1239 De
991 1206 1081 1246 cujus
1108 1205 1249 1238 essentia

218 1257 348 1291 Summa
373 1257 533 1298 sapientia
916 1254 1030 1288 Carnis
1056 1262 1184 1286 sumens
1212 1253 1319 1294 spolia

268 1306 339 1340 Sibi
363 1306 483 1338 lcctum
509 1306 636 1348 stravit,
963 1303 1005 1336 Se
1031 1302 1178 1335 Christus
1203 1302 1353 1334 armavit.

132 1367 190 1399 412.
218 1365 257 1397 In
283 1373 346 1406 qua
370 1363 476 1396 factus
495 1363 612 1405 hostia,
831 1362 891 1395 4b.
914 1363 980 1395 Per
1005 1364 1047 1401 te,
1075 1364 1179 1394 mater
1204 1360 1304 1401 regia,

217 1413 314 1446 Vitae
338 1413 485 1453 pandens
511 1412 595 1444 ostia
916 1409 1037 1443 Salutis
1063 1408 1209 1442 remedia

266 1462 393 1494 hortem
417 1460 641 1502 triumphavit,
967 1459 1052 1492 Deus
1084 1458 1295 1499 dispensavit.

134 1522 191 1554 5a.
217 1520 316 1561 Ergo,
341 1519 439 1560 plena
463 1519 578 1561 gratia,
833 1517 893 1552 5b.
915 1517 983 1550 Nos
1008 1525 1106 1557 prece
1130 1516 1276 1558 propitia

218 1568 323 1608 Quam
345 1567 572 1601 misericordia
917 1566 1005 1599 Nato
1030 1564 1216 1604 reconcilia,

267 1617 443 1649 Nutricans
468 1616 613 1656 laetavit,
967 1616 1068 1656 Quem
1094 1617 1183 1646 tuum
1208 1614 1261 1646 lac
1285 1612 1391 1655 pavit.

599 1678 630 1710 6.
659 1675 698 1708 In
725 1683 786 1715 quo
812 1677 845 1706 te
866 1673 987 1714 beavit,

659 1723 727 1763 Quo
753 1725 786 1755 te
811 1722 943 1755 satiavit

711 1773 814 1804 Amor
838 1770 971 1803 vincens
997 1770 1115 1805 omnia.

212 1861 264 1889 Mis
282 1870 298 1888 ·.
319 1868 376 1887 ms
399 1859 429 1888 S.
450 1860 531 1889 Petri
554 1859 702 1888 Insulens.
724 1866 800 1886 saec.
825 1855 868 1886 16.
892 1856 962 1886 Ood.
983 1857 1131 1886 Insulens.
1156 1855 1202 1885 25.

581 1983 646 2016 140.
686 1982 731 2014 Dc
750 1983 847 2014 beata
867 1982 968 2013 Maria
988 1981 1025 2013 V.

135 2066 195 2099 la.
222 2065 288 2097 ias
315 2064 441 2098 decoris
467 2068 500 2098 et
521 2065 665 2108 honoris,
840 2063 896 2095 lb.
917 2063 1089 2105 Templum
1118 2063 1224 2096 nostri
1249 2064 1483 2105 redemptoriS,

269 2113 336 2146 Vas
366 2113 515 2146 coelestis
541 2113 676 2154 gratiae,
968 2112 1090 2145 Forma
1115 2112 1305 2153 pudicitiae.

138 2173 196 2206 Za.
224 2172 420 2205 Miserorum
445 2171 631 2204 miseratrix
837 2169 895 2202 2b.
922 2169 1034 2211 Virgo,
1060 2171 1148 2203 vitae
1173 2172 1370 2213 reparatrix,

222 2220 267 2252 Et
292 2221 457 2261 lapsorum
483 2219 694 2259 sublevatiix‚
922 2219 1122 2260 Angelorum
1148 2221 1342 2261 imperatrix

271 2268 360 2302 Fons
385 2267 639 2308 misericordiae,
970 2267 1017 2300 Et
1041 2269 1191 2301 coelestis
1218 2269 1335 2303 curiae.

137 2326 195 2359 32.
222 2326 325 2367 Virga
349 2327 444 2360 Jesse
467 2334 634 2368 generosa,
839 2324 899 2358 3b.
924 2325 1042 2359 Servos
1070 2329 1151 2369 tuos,
1179 2326 1332 2368 gloriosa,

220 2373 326 2414 Super
349 2383 459 2407 omnes
484 2374 633 2414 speciosa
923 2373 1042 2406 Gratos
1067 2375 1182 2413 redde,
1209 2375 1363 2415 gratiosa,

269 2422 381 2463 Flore,
412 2421 531 2463 fructu,
559 2422 681 2462 specie,
973 2422 1103 2456 Christo
1128 2422 1198 2464 reg-i
1223 2423 1356 2463 gloriae.
