1652 2678
747 86 1012 122 -—-180——

246 189 303 221 2a.
328 186 434 226 Hujus
463 184 526 218 diei
554 185 706 224 carmina,
941 181 1001 214 2b,
1025 179 1127 218 Quam
1151 178 1204 209 vir
1229 176 1282 207 dei
1307 177 1470 208 transiens

330 234 371 274 [in
399 243 462 274 qua
485 232 579 265 nobis
1026 227 1070 258 ad
1095 227 1262 258 aeternam
1421 269 1426 275 ι

325 282 383 314 lux
408 281 511 313 oritur
538 279 742 320 gratissima],
1024 273 1119 306 nobis
1147 273 1317 304 consecrat
1341 272 1494 310 patriam.

245 342 302 374 3a.
329 338 394 372 Hic
415 336 534 375 infans,
563 336 668 368 editus
942 332 1002 366 3b.
1026 329 1188 371 Magistro
1214 328 1367 368 traditur,

326 386 498 427 parentela
1025 379 1267 418 praematuram

326 433 505 466 orthodoxa
1026 426 1233 457 literaturam

325 490 389 513 non
414 480 519 511 minus
546 486 640 518 quam
662 477 812 517 ingenua,
1026 483 1101 507 mox
1127 473 1267 513 adeptus
1294 473 1325 504 et
1351 471 1501 513 gratiam.

243 543 301 573 4a.
326 538 412 570 Dum
439 535 605 574 soholizat,
943 532 1004 566 41).
1026 532 1095 572 Quo
1122 539 1158 562 se
1182 529 1327 572 fraudat,

325 584 405 625 legit
430 584 486 614 aut
511 587 592 623 orat,
1026 579 1141 620 inopes
1168 578 1256 611 cibat

325 633 466 664 mentem
490 628 666 670 refocillat,
1026 628 1109 660 seris
1132 632 1230 667 atque
1254 628 1360 658 mutat

327 687 456 711 carnem
479 680 633 712 macerat.
1030 675 1138 709 coenis
1165 675 1317 716 prandia.

244 741 300 772 Sa.
328 736 469 770 Cunctos
493 735 576 768 vicit
946 736 1005 770 sb,
1029 734 1133 775 Quam
1157 732 1316 766 informat

327 784 489 826 sapientia
1026 791 1153 815 morum
1181 781 1333 823 dignitas,

324 833 526 874 grandaevos
552 834 642 865 aetas
667 832 816 874 parvula,
1027 832 1186 863 virtutum
1210 839 1336 863 summa
1360 831 1525 864 sanctitas.

242 894 297 926 6a.
321 891 490 931 Tantaque
513 888 645 930 proficit
669 890 775 931 gratia
944 890 1003 924 6b.
1028 889 1073 923 Ut
1099 889 1186 922 sedis
1214 889 1495 922 Cameracensium

323 938 387 971 Dei
411 938 632 978 providentia,
1028 936 1219 979 fungeretur
1244 937 1415 971 cathedra.

243 999 298 1031 7a.
328 996 449 1029 Civitas
472 997 638 1038 gaudiosa,
944 998 962 1030 7
971 996 1002 1030 b.
1028 995 1263 1029 Canonioorum
1288 999 1405 1037 turma,

326 1045 432 1086 gaude
454 1046 522 1086 Jam
549 1048 582 1077 et
607 1043 744 1087 exsulta,
1026 1044 1259 1078 monachorum
1285 1047 1418 1081 caterva

326 1093 542 1135 Gangericum
574 1093 712 1133 celebra,
1029 1093 1254 1134 virginumque
1278 1094 1418 1135 agmina,

327 1143 379 1182 eja
405 1145 438 1174 et
466 1142 526 1181 eja.
1026 1140 1111 1174 ferte
1136 1141 1273 1175 cantica.

243 1203 304 1235 Sa.
332 1200 463 1233 Laudes
490 1199 658 1241 organicas
944 1200 1004 1234 Sb.
1028 1200 1094 1241 Illi,
1122 1200 1270 1241 angelica

325 1258 510 1289 promamus
538 1252 571 1280 et
596 1257 692 1280 voees
718 1248 857 1280 musicas
1026 1249 1081 1289 qui
1105 1249 1226 1281 meruit
1251 1247 1473 1282 famulamina

243 1309 300 1341 9a.
328 1307 376 1340 Ut,
399 1307 512 1347 leprae
535 1306 679 1339 maculas
945 1307 1005 1340 9b.
1027 1305 1082 1339 Sic
1108 1314 1186 1339 cura
1211 1306 1346 1350 animas,

326 1360 359 1388 et
385 1364 497 1388 caecas
1026 1354 1132 1396 effuga

328 1404 484 1445 depulisti
507 1403 660 1435 tenebras
1027 1403 1179 1436 vitiorum
1204 1403 1327 1445 nubila,

326 1456 359 1485 et,
384 1451 511 1494 fregisti
537 1451 654 1489 vincla,
1028 1455 1140 1493 captos
1168 1453 1346 1493 emancipa.

220 1513 302 1546 loa.
330 1511 414 1545 Oves
440 1513 512 1543 tuas
538 1519 579 1542 ne
607 1509 749 1551 deseras,
922 1509 1006 1544 10b.
1031 1509 1086 1542 Sic
1111 1519 1171 1543 nos
1191 1519 1297 1552 regas,
1323 1513 1361 1542 ut
1386 1519 1529 1552 superna

326 1560 385 1593 sed
410 1568 471 1600 per
495 1558 689 1599 temporalia
1029 1559 1238 1599 perfruamur
1261 1559 1382 1602 patria,

712 1616 767 1649 11.
797 1616 836 1649 In
866 1624 929 1656 qua
953 1617 1015 1649 tibi

801 1664 914 1697 domus
942 1668 992 1697 est
1014 1669 1142 1707 parata.

295 1744 385 1779 Trop.
413 1751 468 1771 ms.
495 1741 711 1770 Cameracense
738 1749 816 1769 saec.
844 1739 919 1770 ¹1l12.
949 1741 1021 1770 Cod.
1049 1742 1254 1771 Cameracens.
1283 1740 1329 1770 61.
1350 1742 1386 1770 A.
1418 1757 1453 1762 ——
1483 1743 1566 1771 Miss.

217 1792 273 1811 ms.
288 1782 318 1810 S.
333 1782 494 1818 Gangeriei
515 1789 593 1809 saec.
617 1778 661 1808 15.
677 1779 748 1809 Cod.
771 1780 978 1809 Cameracens.
994 1779 1058 1809 145.
1073 1782 1108 1810 B.
1129 1798 1168 1802 ——
1187 1781 1273 1810 Met:
1294 1781 1368 1818 Eja
1380 1785 1515 1811 turma.
1529 1797 1568 1802 ——-

219 1820 271 1856 2³,
296 1820 311 1849 1
333 1821 394 1849 diei
414 1821 527 1858 gaudia
547 1821 580 1848 Β.
607 1834 644 1838 -
671 1818 722 1853 221,
744 1817 762 1846 2
784 1827 827 1855 sq.
850 1820 981 1857 erg'anzt.
1003 1835 1041 1840 ——
1062 1819 1115 1855 2b,
1140 1818 1155 1848 1
1178 1821 1273 1855 Quem
1292 1823 1340 1849 vir
1360 1821 1394 1850 B.
1415 1836 1454 1841 —-
1475 1819 1528 1856 Sa,
1550 1818 1568 1847 2

220 1868 324 1897 preces
344 1861 476 1888 musicas
497 1860 531 1886 B.
553 1874 591 1878 —-
614 1856 665 1892 9a,
690 1858 704 1886 1
725 1858 768 1886 Et
787 1859 890 1894 leprae
908 1858 944 1887 B.
965 1874 1002 1879 —
1024 1857 1077 1891 9a,
1098 1858 1119 1888 4
1141 1859 1262 1888 vincula
1280 1860 1342 1888 AB.

643 1972 712 2004 239.
756 1972 799 2003 De
819 1973 927 2003 saneto
950 1971 1135 2011 Gangerico.

224 2045 280 2077 la.
308 2044 346 2076 In
372 2044 513 2084 pastoris
540 2044 587 2075 tui
612 2043 721 2082 laude,
927 2042 986 2075 lb.
1012 2041 1227 2083 Gaugericum
1254 2042 1350 2075 dulce
1371 2053 1452 2078 sona

306 2091 358 2122 Pii
384 2091 491 2131 gregis
517 2096 635 2130 turma,
659 2090 791 2130 plaude,
1009 2089 1098 2121 Voce
1124 2089 1222 2131 dulci,
1249 2095 1359 2124 mente
1384 2092 1483 2135 bona,

306 2139 439 2172 Produc
461 2139 564 2170 melos
591 2141 625 2171 et,
649 2138 817 2177 congaude
1010 2137 1075 2171 Per
1100 2146 1194 2178 quem
1221 2140 1304 2171 coeli
1329 2140 1457 2175 stillant
1484 2144 1571 2176 dona

354 2187 453 2219 Tanti
477 2187 582 2227 patris
607 2186 742 2226 gloriae.
1058 2185 1139 2217 Tam
1165 2186 1239 2219 urbi
1266 2197 1363 2228 quam
1387 2191 1529 2230 patriae.

225 2244 282 2276 2a.
311 2241 409 2275 Curat
434 2243 522 2276 intus
548 2247 645 2284 atque
671 2242 752 2275 foris
926 2243 986 2277 2b.
1009 2241 1097 2275 Dum
1124 2242 1293 2277 damnatos
1320 2255 1435 2279 carcer
1460 2250 1561 2292 angit,

307 2289 392 2322 Boni
418 2299 496 2323 cura
522 2291 680 2324 curatoris

308 2336 438 2377 Leprae
467 2339 563 2370 simul
589 2341 621 2371 et
647 2338 767 2371 erroris

356 2385 395 2416 In
419 2385 549 2425 leproso
573 2387 729 2418 maculas

1006 2290 1072 2323 Hic
1097 2292 1221 2324 orando
1245 2294 1368 2325 coelum
1393 2296 1500 2336 tangit

1007 2337 1054 2371 Et
1079 2338 1228 2371 crudoles
1253 2349 1355 2373 nexus
1381 2341 1507 2384 frangit

1057 2385 1218 2427 Ferrique
1242 2389 1433 2425 maniculaS.
