1652 2678
764 114 1033 150 *166—

232 219 292 250 2a.
319 217 420 256 Quam
447 215 560 248 felices
585 214 705 247 fratres
728 213 795 253 isti,
932 209 992 243 2b.
1017 209 1103 248 Quos
1129 214 1190 238 nec
1215 204 1334 237 horror
1357 203 1530 236 carceralis

317 264 459 304 Quorum
484 263 528 296 ad
553 263 708 295 honorem
735 259 858 293 Christi
1017 255 1088 288 Nec
1113 253 1245 293 tyranni
1270 250 1418 284 bestialis

364 312 499 353 Agimus
521 310 688 349 solemnia,
1063 302 1183 335 Tenuit
1209 299 1358 333 saevitia.

233 382 290 414 32.
318 380 345 413 O
371 378 522 412 miranda
547 378 650 410 virtus
675 374 803 413 mentis,
934 370 993 405 3b.
1017 369 1106 403 Miro
1131 367 1229 401 modo
1252 366 1364 409 gravis
1388 373 1496 407 poena

320 428 408 467 Quae
432 435 493 459 nec
514 425 610 457 minis
625 431 687 456 nec
703 421 874 454 tormentis
1017 418 1074 450 Fit
1099 416 1218 457 suaviS‚
1244 414 1284 448 fit
1305 423 1451 453 amoena,

366 476 397 507 A
423 473 553 507 Christo
578 470 616 503 fit
643 470 747 509 dexia,
1066 465 1160 498 Dura
1185 462 1267 495 fiunt
1290 462 1412 495 mollia.

232 545 292 577 4a.
319 541 407 574 Miro
430 539 527 571 modo
551 545 658 578 poena
682 535 791 576 gravis
935 532 996 567 4b.
1018 531 1104 565 Nam
1130 532 1207 564 dum
1233 538 1309 562 caro
1334 528 1528 570 flagellatur,

316 588 373 621 Fit
397 595 539 629 amoena,
565 584 604 617 fit
627 585 736 616 suavis
1017 580 1111 612 Mitis
1137 578 1258 612 fratres
1285 577 1474 611 consolatur

362 635 409 668 Et
436 636 597 666 tormenta
624 630 743 674 dulcia,
1068 627 1235 668 spiritalis
1260 626 1375 668 gratia.

233 705 292 737 5a.
321 701 400 734 Cum
426 701 470 733 sit
493 709 569 742 ergo
595 699 768 740 generalis
936 697 997 731 51).
1018 695 1111 729 Urbe
1135 697 1249 728 nostra
1274 693 1394 728 fratres
1419 695 1500 735 nati,

314 749 457 782 Nostrae
481 751 590 780 tamen
615 747 768 789 specialis
1019 745 1113 779 Urbe
1137 746 1252 777 nostra
1276 746 1353 776 sunt
1376 742 1482 775 renati

366 796 468 830 Urbis
493 800 543 829 est
570 796 708 837 laetitia,
1071 793 1200 826 Christo
1225 801 1287 833 per
1311 792 1472 833 supplica.

233 868 290 901 6a.
316 866 413 899 Alter
437 865 527 897 unda
551 864 738 904 baptizatus
937 862 997 896 6b.
1018 861 1120 900 Quem
1145 870 1210 894 non
1237 859 1319 892 fecit
1342 860 1431 893 unda
1455 859 1569 904 lotum,

315 914 382 947 Sed
407 915 545 953 uterque
573 912 753 946 decollatus
1021 908 1125 942 Cruor
1153 908 1245 942 fusus
1270 909 1354 942 lavit
1377 910 1483 941 totum

367 961 446 995 Pari
472 960 577 1002 fulget
600 961 716 1004 gloria,
1068 957 1116 990 Et
1139 958 1257 990 mentis
1285 957 1476 990 constantia.

233 1032 290 1064 7a.
320 1030 379 1064 Oui
401 1028 558 1061 sacerdos
585 1026 692 1060 abfuit
939 1026 999 1059 7b.
1022 1025 1145 1066 Quibus
1173 1026 1259 1057 enim
1285 1034 1341 1058 cor
1368 1024 1528 1065 devotum,

318 1077 393 1111 Non
418 1077 468 1109 illi
493 1077 599 1109 minus
625 1074 733 1108 adfuit
1021 1072 1084 1107 His
1110 1083 1230 1107 nocere
1255 1074 1461 1106 sacerdotum

367 1124 489 1159 Divina
514 1125 671 1164 potentia,
1070 1123 1145 1155 Non
1170 1125 1279 1163 potest
1303 1122 1460 1157 absentia.

233 1195 292 1230 Sa.
320 1194 438 1227 Omnes
465 1202 540 1233 ergo
564 1192 751 1233 jubilemus
940 1191 1000 1225 8b.
1023 1191 1093 1224 Hos
1119 1193 1291 1232 precantes
1318 1191 1417 1224 corde
1442 1199 1536 1231 puro,

318 1242 502 1275 Jubilantes
530 1240 730 1274 celebremus
1023 1239 1071 1275 Ut
1093 1239 1160 1272 sint
1185 1239 1278 1272 nobis
1304 1239 1339 1271 hi
1360 1248 1420 1280 pro
1447 1248 1538 1272 muro

366 1291 523 1323 Fratrum
547 1289 709 1331 natalitia,
1074 1287 1196 1321 Contra
1219 1288 1334 1321 mundi
1357 1287 1447 1323 vitia.

316 1377 402 1405 Miss.
426 1386 482 1405 m„
503 1376 685 1405 vannetens
720 1383 797 1403 saee.
821 1373 866 1403 15.
890 1374 962 1403 eod.
984 1374 1223 1404 Cenomannens.
1247 1371 1314 1404 223.
1336 1389 1373 1394 —
1395 1373 1453 1407 6b‚
1482 1372 1498 1403 1
1520 1374 1579 1408 Qui

238 1426 300 1446 non
319 1416 392 1444 fecit
411 1416 465 1444 Hs.
487 1431 526 1436 —-
548 1414 599 1447 Ta,
624 1413 638 1443 1
662 1415 721 1449 Qui
758 1414 882 1443 acer-dos
902 1414 958 1442 Hs.
979 1430 1019 1434 —-
1040 1414 1092 1448 Ta,
1114 1412 1133 1442 2
1151 1414 1248 1442 abfuit
1268 1414 1323 1443 Hs.

669 1538 731 1571 218.
776 1539 820 1571 De
844 1538 954 1570 sancto
975 1537 1151 1571 Edmundo.

235 1624 253 1658 1
266 1634 295 1658 a.
323 1622 558 1656 Laetabundus
941 1620 1002 1655 lb.
1029 1621 1091 1662 Qui
1113 1621 1277 1662 jucundus

321 1671 498 1705 Edmundo
526 1671 678 1704 decantet
701 1670 853 1710 mundus,
1024 1669 1180 1703 Exsultat
1202 1670 1238 1702 in
1263 1669 1334 1702 Deo
1360 1668 1498 1702 mundus

356 1720 511 1762 Alleluja,
1075 1720 1115 1752 ln
1140 1719 1253 1760 gloria.

234 1791 294 1825 2a.
320 1788 492 1822 Edmundi
516 1787 673 1821 memoria
941 1787 1003 1821 2b.
1029 1787 1184 1828 Corporis
1209 1787 1398 1828 praesentia

318 1838 385 1871 Per
408 1836 523 1869 mundi
549 1835 689 1870 confinia
1024 1835 1100 1869 Erit
1124 1837 1159 1868 in
1185 1836 1323 1868 ecclesia

366 1886 466 1926 Viget,
491 1893 577 1925 cara,
1075 1885 1212 1924 Semper
1238 1884 1338 1917 clara.

235 1956 292 1988 δα.
321 1953 497 1994 oppressis
525 1952 735 1986 daemonibus
940 1952 1000 1985 sb.
1021 1951 1073 1984 De
1100 1950 1238 1982 diversis
1263 1950 1418 1983 Partibus

320 2001 405 2042 Ejus
430 2004 480 2033 est
505 2000 691 2033 bominibus
1025 1997 1199 2030 Concurrit
1224 2006 1295 2030 cum
1320 1998 1475 2033 laudibus

367 2049 482 2082 Virtus
504 2051 591 2088 nota,
1071 2044 1170 2076 Plebs
1198 2045 1327 2081 devota.

235 2119 294 2151 42„
321 2117 480 2150 Laetetur
504 2114 619 2155 religio
937 2111 997 2145 4b.
1017 2110 1070 2143 De
1097 2113 1188 2153 cujus
1214 2115 1378 2149 consortio

318 2163 429 2197 Sancti
458 2162 640 2204 patrocinio
1024 2157 1121 2195 coeii
1145 2163 1269 2203 gaudet
1292 2164 1378 2205 legio

368 2212 589 2252 Praemunita,
1070 2208 1216 2245 Infinita.

235 2280 293 2312 5a.
321 2278 456 2319 Populis
483 2280 533 2310 est
558 2276 730 2317 cognitum,
939 2274 999 2308 5b.
1020 2275 1086 2309 Per
1112 2278 1198 2310 hunc
1222 2284 1330 2312 mutus
1357 2282 1475 2315 cecinit

318 2325 375 2358 Ad
398 2326 579 2358 videndum
605 2323 752 2356 deditum
1021 2325 1131 2365 Aeger
1155 2335 1268 2359 sanum
1294 2329 1452 2371 meminit,
1478 2311 1487 2327 ⁷

320 2373 446 2412 corpus
472 2372 587 2412 sancti,
613 2371 755 2412 positum
1022 2372 1183 2408 ereatura
1207 2375 1328 2408 desinit

369 2419 490 2451 Sancta
513 2420 618 2453 theca..
1070 2421 1175 2454 Essae
1202 2431 1309 2457 caeca„
