1652 2678
512 106 776 142 ——209—

2 192 51 229 72·
73 196 111 231 Et
131 205 239 236 mente
266 205 384 238 devota
676 206 732 239 ¹7b.
756 206 936 247 sequamur
959 206 1045 239 hanc
1069 206 1131 239 tibi

73 250 100 280 et
120 249 183 284 fide
208 253 337 286 sincera
481 270 484 273 ·
507 267 511 273 >
529 273 532 276 -
758 254 1007 295 beneplacitam,

2 310 51 344 82.
72 313 111 348 Et
133 319 200 359 eJ'us
225 321 350 354 meritis
676 322 736 356 8b.
760 322 835 355 Tibi
858 323 930 356 laus
948 325 981 356 et
1004 322 1118 364 honor,

72 372 193 414 §temere
217 371 306 402 tuam
757 371 819 404 tibi
845 370 987 415 claritas,

67 420 128 451 „lam
149 425 330 450 mereamur
354 418 505 459 patriam.
758 428 825 461 pax
847 420 892 452 sit
915 422 949 452 et
972 419 1075 453 omnis
1101 419 1214 461 gloria.

63 487 137 519 Miss.
161 501 216 521 ms.
238 493 434 523 Vedastinum
459 503 536 523 saec.
565 492 609 523 14.
637 497 678 523 in.
707 495 777 524 God.
798 496 985 525 Atrebatens.
1011 492 1077 524 888.
1097 495 1133 523 A.
1159 509 1200 515 —
1222 495 1308 523 Miss.

2 531 46 552 ms·
65 525 90 556 S.
107 529 232 560 Amandi
253 541 331 562 saec.
354 531 399 561 14.
429 533 499 561 Cod.
520 533 743 563 Valentianens.
767 532 831 563 111.
850 535 887 563 B.
906 551 944 556 --
972 533 1063 563 Grad.
1085 543 1140 562 ms.
1160 533 1309 563 Marchia-

1 571 76 594 nense
93 576 164 598 saec.
189 569 233 599 14.
257 570 327 600 cod.
349 572 497 601 Duacens.
521 569 585 601 114.
601 573 632 601 C.
653 587 692 592 —
711 573 828 602 Prosar.
849 582 903 602 ms.
917 572 1147 602 Marchianense
1167 582 1241 602 saec.
1265 571 1309 601 15.

2 602 59 642 9011.
76 606 214 637 Duacens.
244 608 307 639 123.
326 610 364 639 D.
395 625 433 630 —-
458 611 543 639 Miss.
569 620 624 639 ms.
644 611 874 641 Marchianense
900 621 976 641 saec.
1001 610 1044 641 12.
1067 611 1139 641 Cod.
1159 612 1308 641 Duacens.

6 640 38 669 52.
56 644 111 673 add.
130 655 205 676 saec.
230 647 273 677 15.
295 649 332 677 Ε.
355 664 388 669 --
411 650 496 678 Miss.
517 658 573 678 ms·
592 650 823 679 Marchianense
843 659 920 680 saec.
944 649 987 679 16.
1011 651 1082 680 Cod.
1097 651 1247 679 Duacens.
1261 648 1308 679 89.

0 679 26 709 F·
42 698 75 704 ἡ
90 682 138 722 411,
162 685 176 715 1
198 687 291 716 Velut
310 687 413 724 aquila
432 688 467 724 A,
487 688 664 717 Korrektur.
689 703 727 708 —-
747 688 802 726 4b,
823 687 841 717 2
862 690 898 719 de
941 698 993 718 ens
1014 690 1048 719 A.
1070 704 1105 709 ——
1128 688 1182 725 6b,
1204 687 1222 718 3
1243 698 1308 727 sqq.

0 719 80 789 ξὲξὶὲλ
94 724 126 752 A.
152 741 190 746 —
220 725 272 760 7a,
294 724 312 754 2
334 729 364 755 et
382 727 457 756 fehlt
475 727 512 755 Ε.
533 742 572 747 —-—
593 726 648 764 7b,
670 726 688 755 2
708 728 784 757 fehlt
802 728 839 756 E.
861 743 899 749 -—-
946 729 974 764 b,
996 727 1014 757 2
1034 729 1091 757 tibi
1111 730 1201 766 atque
1221 727 1309 756 clari-

339 867 407 901 280.
444 867 489 900 De
508 876 532 900 s.
554 868 698 902 ι1011011110
717 869 939 912 Evangelista.

551 937 588 967 In
607 937 730 968 Octava.

0 1004 43 1039 la.
65 1005 223 1040 Johannes
249 1008 305 1041 lux
330 1011 526 1049 sanctorum,
670 1009 730 1042 11).
750 1009 814 1041 Est
838 1019 859 1042 a
882 1009 954 1042 Deo
979 1010 1101 1043 electus

63 1053 191 1088 Gemma
215 1057 447 1097 apostolorum,
750 1057 797 1090 Et
819 1066 902 1098 prae
921 1057 1044 1091 cunctis
1072 1058 1208 1091 dilectus

103 1103 223 1137 Plenus
248 1104 312 1137 Dei
337 1105 454 1146 gratia,
800 1106 839 1138 In
864 1105 986 1139 Christi
1007 1106 1143 1141 familia.

0 1162 38 1195 ia.
59 1160 177 1194 Ductor
203 1163 404 1203 evangelista
668 1163 728 1197 210.
752 1164 864 1205 Virgo,
890 1162 951 1196 flos
971 1165 1160 1206 honestatis,

57 1208 130 1242 Fuit
152 1211 188 1242 in
213 1211 282 1244 vita
302 1211 377 1250 ista,
750 1211 948 1253 Exemplum
973 1213 1166 1253 sanctitatis,

100 1258 255 1291 Firmitas
277 1259 435 1301 justitiae,
799 1260 888 1293 Fons
912 1260 1167 1295 misericordiae.

7 1325 32 1349 a.
57 1316 79 1349 Ο
106 1315 201 1358 digne
229 1320 346 1350 cuncta
369 1318 478 1358 laude,
667 1318 726 1352 3b.
748 1318 879 1351 Meritis
905 1318 1033 1351 eximiis

56 1364 226 1406 Johannes,
254 1375 384 1407 semper
408 1366 514 1406 gaude
749 1366 903 1399 Meruisti
926 1366 1035 1400 nimiis

97 1414 136 1446 In
160 1423 303 1455 superna
329 1415 429 1458 curia,
798 1414 1004 1456 Sempiterna
1027 1415 1155 1457 gaudia.

7 1483 33 1506 a.
57 1471 158 1514 Signis
184 1476 218 1504 et
242 1472 411 1506 miraculis
664 1472 726 1508 4b.
757 1473 830 1506 Tua
853 1482 952 1514 prece
977 1473 1083 1514 adJ'uti

59 1520 229 1553 Corruseas
252 1520 288 1554 in
312 1521 443 1562 populis
749 1521 818 1555 Nos
844 1523 945 1554 simus
970 1530 1100 1562 semper
1124 1522 1188 1555 tuti

100 1569 231 1603 Cunctis
257 1570 506 1611 admirantibus,
798 1570 852 1603 Ab
876 1570 1144 1604 adversitatibus,

6 1638 32 1662 a.
56 1627 217 1661 Doctrinis
250 1627 440 1660 clarissimis
664 1628 725 1662 5b.
747 1628 845 1661 Dona
868 1628 956 1662 vitae
980 1628 1132 1661 meritum

54 1673 263 1716 Praefulgens
290 1678 324 1708 et
346 1676 496 1710 maximis
749 1677 797 1711 Et
818 1677 934 1710 salutis
961 1676 1083 1709 exitum

96 1724 148 1758 Da
171 1724 266 1757 nobis
293 1733 378 1757 nunc
402 1734 571 1769 prospera,
799 1724 958 1758 Transfer
982 1734 1041 1758 nos
1066 1725 1109 1758 ad
1134 1733 1263 1766 supera.

49 1803 124 1831 Miss.
144 1799 402 1830 Fontebraldense
426 1800 497 1836 imp.
517 1800 646 1830 Parisiis
676 1799 760 1830 1534.
800 1799 872 1830 Mel.
892 1800 1083 1830 vermutlich:
1104 1801 1183 1830 Veni
1204 1803 1306 1830 sancte

2 1843 95 1881 piritus.

331 1944 393 1976 281.
435 1943 481 1976 De
501 1951 525 1975 s.
545 1943 691 1976 Johanne
710 1942 934 1985 Evangelista.

0 2023 38 2060 [a.
58 2019 136 2054 Fons
161 2017 443 2058 praeclarissimus
665 2016 724 2050 11),
748 2015 805 2048 Ad
830 2015 917 2048 hunc
943 2015 1117 2050 deveniens

57 2068 95 2103 Et
116 2065 404 2109 praedulcissimus
747 2064 870 2105 Aquila
893 2064 1007 2098 sitiens

96 2115 174 2150 Exit
201 2114 242 2147 de
267 2118 386 2156 monte,
794 2113 926 2146 Dormit
949 2113 983 2146 in
1009 2112 1109 2150 fonte.

0 2184 41 2218 aa.
61 2179 93 2212 111
115 2173 204 2208 fonte
226 2172 401 2216 dormiens,
662 2172 723 2207 ab.
745 2171 905 2213 Propinat
929 2171 1078 2205 omnibus

58 2225 128 2261 Inde
152 2222 387 2263 transglutiens
745 2220 873 2254 Electis
898 2220 1014 2255 avibus

96 2275 212 2308 Puram
237 2270 409 2312 liquorem,
793 2269 916 2302 Mirum
941 2269 1117 2303 dulcorem.

0 2344 40 2378 32.
58 2334 174 2369 Solatur
198 2328 326 2363 flebiles
661 2329 723 2364 3b.
745 2328 790 2363 Et
813 2328 915 2362 corda
940 2328 1038 2362 effera

57 2385 93 2420 Et
113 2382 206 2415 sanat
232 2378 358 2412 debiles
743 2378 871 2411 Mulcet
895 2380 929 2411 et
952 2386 1072 2419 aspera

94 2430 214 2466 Dulcor
235 2429 415 2470 mirandus,
791 2426 918 2462 Dulcor
940 2427 1137 2462 laudandus.

37 2499 144 2525 Dreros,
159 2489 308 2519 sequentiae
322 2489 443 2515 ineditae.
466 2490 511 2514 m.
1090 2484 1127 2514 14
