1652 2678
776 91 1044 127 —246—

662 206 732 239 325.
771 205 816 237 De
834 205 949 237 sancta
968 202 1167 243 Margareta.

241 290 301 323 la.
326 289 414 321 Laus
440 288 501 321 tibi
526 288 579 328 sit,
609 287 746 329 Christe,
942 283 1001 319 lb.
1026 283 1106 316 Cum
1131 284 1227 323 patre
1253 281 1307 323 qui
1333 289 1452 322 regnas

324 335 371 369 fili
395 336 459 368 Dei
479 336 654 376 unigenite,
1022 331 1057 364 111
1081 331 1209 364 unitate
1233 329 1396 371 paracliti.

242 397 300 431 Za.
328 394 429 433 Quem
454 402 571 435 agnum
597 394 775 432 sequuntur
944 388 1001 424 2b.
1024 389 1151 421 Nomen
1172 389 1263 420 tuum
1289 390 1323 419 et
1346 386 1452 427 patris

323 441 452 482 agmina
472 440 645 481 virginum,
1021 436 1185 471 frontibus
1209 436 1245 468 111
1269 435 1337 468 suis

323 496 512 529 quocunque
536 488 624 528 ieris,
1023 484 1182 525 scriptum
1206 484 1371 518 habentia.

243 547 300 580 Sa.
326 546 417 578 Inter
442 554 521 585 quas
545 545 626 578 haec
650 544 742 586 virgo
761 543 881 577 candet
938 542 999 578 3b.
1021 543 1067 576 Et
1091 542 1188 575 rubet
1212 551 1305 574 roseo
1331 543 1435 583 vultu,

327 593 523 633 virginitatis
548 593 629 632 lilio,
1022 590 1206 624 rubicunda
1229 591 1397 632 martyrio.

242 653 302 685 4a.
330 651 456 683 Nomen
483 650 574 690 cujus
599 653 739 683 tractum
766 653 816 682 est
936 648 996 683 412.
1019 649 1122 689 Quam
1145 649 1311 682 inventam
1336 649 1479 682 venditis

327 698 368 731 ab
396 698 582 741 evangelica
605 698 791 740 margarita,
1023 697 1171 730 omnibus
1198 697 1277 729 emit
1299 699 1496 739 negotiator.

240 759 296 791 5a.
323 757 416 790 Haec
441 758 506 796 tua,
937 754 998 790 5b.
1021 755 1068 788 Et
1092 757 1180 787 tuum

325 804 463 847 Christe,
491 805 639 844 speciosa
1021 804 1170 845 ingressa
1194 803 1371 836 thalamum

322 855 430 885 tecum
459 852 640 886 delectatur
1021 854 1098 885 tuae
1121 852 1255 884 visionis

321 901 357 933 in
381 900 486 934 hortis
511 903 689 934 aromatum
1019 901 1126 942 gratia
1152 900 1343 934 delectatur.

238 960 296 993 6a.
324 959 426 998 Quam
450 967 511 999 pro
533 958 653 991 nostris
679 959 864 992 excessibus
936 957 996 992 6b.
1019 958 1068 991 Ut
1091 957 1240 991 mundati
1267 958 1457 992 criminibus

323 1006 411 1047 apud
435 1009 470 1038 te
494 1015 624 1047 semper
1019 1009 1186 1039 aeternam
1207 1010 1346 1039 mortem

321 1055 526 1087 intercedere
550 1055 723 1097 poscimus,
1019 1063 1081 1095 per
1107 1058 1140 1086 te
1165 1054 1295 1088 vincere
1319 1056 1493 1096 possimus.

245 1114 296 1146 Ta.
322 1111 368 1145 Et
392 1112 471 1144 illuc
492 1112 560 1152 ejus
585 1112 703 1145 merita
936 1111 997 1147 7b.
1018 1112 1064 1145 Et
1088 1112 1163 1152 ipsa
1189 1112 1272 1145 duce
1295 1115 1432 1155 praevia

321 1169 380 1192 nos
405 1160 516 1193 levent.
540 1161 582 1193 ad
607 1160 684 1201 alta,
1021 1160 1167 1193 vestibus
1192 1160 1227 1192 in
1253 1162 1337 1195 albis

321 1217 399 1248 quos
425 1209 512 1241 mala
534 1213 646 1241 nostra
1021 1212 1055 1241 te
1079 1218 1263 1243 mereamur

324 1256 459 1288 trahunt
482 1256 525 1288 ad
550 1258 679 1296 portam
1019 1257 1111 1298 sequi
1136 1267 1197 1298 per
1224 1262 1354 1298 portam

322 1303 525 1336 infernalem.
1020 1306 1227 1338 aeternalem.

238 1363 294 1396 8a.
322 1361 411 1402 Ergo
438 1361 577 1402 Christe,
604 1370 663 1394 rex
685 1365 817 1395 aeterne
936 1362 996 1398 8b.
1019 1364 1059 1396 In
1091 1364 1181 1404 cujus
1204 1364 1420 1404 jucunditatis

319 1409 468 1451 Domine,
1019 1412 1089 1444 lilio

321 1466 444 1490 memor
467 1458 503 1490 in
527 1457 622 1490 nobis
1021 1460 1171 1493 coelestis
1197 1462 1292 1494 aulae

322 1508 397 1538 tuae
422 1505 466 1538 sis
493 1506 697 1550 margaritae,
1022 1509 1164 1542 concinit
1190 1510 1392 1551 symphonia.

624 1564 656 1596 9.
682 1564 771 1597 Laus
796 1564 868 1606 tibi,
895 1565 1025 1599 Christe
1050 1566 1199 1600 Domine-

312 1649 393 1677 Mis
422 1658 475 1677 ms.
497 1648 676 1678 Secoviense
696 1659 773 1678 saec.
797 1649 841 1678 12.
864 1650 934 1679 Cod.
952 1651 1110 1681 Graecens.
1131 1652 1199 1682 479.
1219 1654 1255 1682 A.
1276 1670 1315 1675 —-
1334 1654 1420 1683 Miss.
1441 1663 1496 1683 ms.
1513 1655 1580 1684 Mu-

236 1688 301 1716 saei
320 1688 490 1724 Hungariei
510 1696 587 1716 saec.
610 1686 656 1717 14
678 1688 749 1718 God.
769 1689 823 1717 lat.
843 1687 890 1718 94.
912 1691 946 1719 B.
966 1706 1005 1710 —
1025 1689 1079 1727 2a,
1100 1689 1120 1720 3
1139 1693 1317 1721 151113.-
1336 1691 1392 1728 41),
1416 1691 1432 1721 1
1453 1702 1490 1730 sq
1469 1702 1497 1730 q.
1519 1702 1580 1722 om

235 1728 325 1755 nibus
346 1726 475 1755 venditis
488 1728 524 1755 A.
545 1742 582 1746 —
605 1727 654 1762 53,
676 1726 697 1756 4
717 1729 803 1756 atriis
823 1732 990 1758 aromatum
1003 1730 1039 1758 A.
1061 1745 1098 1750 -
1120 1730 1178 1759 Str.
1203 1730 1248 1759 7a
1266 1731 1328 1760 und
1342 1733 1360 1761 b
1375 1715 1476 1761 f'ehlen
1490 1733 1526 1761 A.
1541 1748 1582 1753 —

237 1763 327 1801 8a,1
350 1774 393 1802 sq.
414 1774 467 1794 rex
487 1768 626 1795 aeternae
641 1767 757 1803 gloriae
776 1768 810 1796 B.
830 1783 869 1788 —·-
889 1766 943 1804 8b,
966 1766 984 1795 2
1004 1769 1115 1805 gaudio
1135 1771 1170 1798 B.

660 1908 730 1941 326.
770 1909 814 1941 De
835 1911 949 1942 sancta
969 1910 1168 1953 Margareta.

241 1990 298 2023 la.
324 1988 533 2022 Exsultemus
563 1990 813 2032 conclamantes,
938 1990 996 2025 lb.
1021 1991 1142 2027 Cantus
1167 1996 1297 2027 nostros
1319 1995 1521 2038 innovemus,

322 2036 419 2070 Diem
443 2036 564 2070 festum
589 2038 791 2071 celebrantes
1020 2041 1106 2082 Quos
1131 2042 1166 2075 in
1189 2042 1322 2076 laudem
1347 2053 1562 2084 personemus

371 2085 581 2127 Margaretae
605 2086 760 2128 virginis;
1069 2089 1151 2130 Ejus
1177 2093 1283 2124 sancti
1308 2093 1459 2127 nominis.

239 2143 298 2176 Za.
322 2142 462 2175 Exierat
484 2144 644 2177 Achaiam
937 2146 997 2182 2b.
1019 2147 1242 2190 Margaretam
1265 2151 1402 2184 videns:
1428 2152 1486 2194 ite,

323 2190 475 2223 Tendens
500 2193 534 2224 in
558 2192 767 2226 Antiochiam
1022 2196 1127 2239 Servi,
1154 2198 1269 2240 inquit,
1295 2200 1452 2234 adducite

369 2239 559 2273 Praefectus
586 2241 750 2283 Olybrius,
1071 2245 1167 2279 Hanc
1192 2247 1273 2281 mihi
1296 2249 1445 2283 celerius

241 2297 300 2329 33.
326 2296 450 2329 Milites
479 2299 794 2339 comprehenderunt
939 2301 1000 2336 3b.
1023 2303 1167 2346 Quaerit,
1194 2314 1259 2346 qua
1282 2306 1350 2339 fide
1374 2308 1513 2355 regitur,

329 2343 495 2386 Virginem
518 2350 549 2378 et
573 2347 783 2381 adduxerunt
1022 2352 1099 2392 Quis
1122 2362 1144 2385 a
1167 2363 1203 2386 se
1227 2354 1317 2387 Deus
1344 2356 1474 2398 colitur,

372 2393 525 2426 Protinus
556 2395 710 2438 Olybri03
1071 2400 1126 2433 Sic
1151 2403 1323 2442 respondit
1347 2403 1466 2445 impio:
