1652 2678
135 217 194 250 Sa.
222 216 323 257 Virgo
349 215 512 257 regalibus

221 263 301 296 Orta
324 263 497 304 natalibus,

221 311 378 344 Chlotarii
404 312 531 354 conjux,
559 310 644 350 regis

218 359 429 400 Francorum,
458 357 652 391 eminentiae

218 407 375 440 Thalamo
400 406 574 440 renuntiat.

133 465 192 499 4a.
220 464 381 504 Orphanis
407 466 440 495 et
464 463 571 496 viduis

219 511 364 552 Dapsilis
390 514 423 542 et
446 511 596 552 prodiga,

133 570 192 602 5a.
220 569 285 600 Per
308 569 433 609 plateas
461 571 494 600 et
517 577 578 609 per
602 568 690 601 vicos

261 625 414 657 sponsum
439 625 596 657 quaerens
622 616 736 650 sedula

128 675 186 709 6a.
214 673 415 706 Pictavensis
442 682 518 715 ergo
544 673 634 706 urbis

261 722 461 763 introgressa
485 722 612 755 moenia

130 780 188 814 7a.
215 779 281 812 Vix
304 780 338 812 in
363 780 460 812 terris

211 827 392 860 Habitabat
416 830 487 860 tota
513 829 611 862 coelis

209 876 355 917 bibiatis,
380 884 471 908 mens
495 876 649 909 Rachelis

209 925 240 957 A
268 924 399 956 coelesti
422 924 567 958 incolatu

211 972 283 1004 Jam
308 974 342 1004 in
366 972 455 1004 nullo
483 973 627 1006 devians,

126 1031 185 1065 8a.
213 1029 282 1069 Qua
306 1031 347 1063 ad
376 1030 481 1062 coelos
508 1030 658 1071 evolavit,

262 1078 354 1111 Haec
380 1081 430 1109 est
455 1079 524 1111 dies
547 1087 664 1119 annua,

128 1135 186 1168 9a.
212 1136 285 1168 Hac
309 1136 343 1168 in
370 1135 432 1176 die,
460 1136 602 1176 gloriosa

207 1183 428 1225 Radegundis,
452 1183 648 1224 jubilantum

256 1232 311 1265 Sic
336 1232 517 1272 applaudas
543 1231 687 1272 vocibus,

767 116 838 153 296
887 137 936 142 —

835 213 896 248 3b.
918 213 1033 246 Mente
1058 212 1249 256 castissima,

917 261 1003 295 Fide
1026 259 1214 294 firmissima

919 309 1048 342 Christo
1073 308 1146 347 Dei,
1174 308 1244 342 Deo
1269 309 1339 349 regi

917 358 1031 390 Totius
1057 356 1278 398 excellentiae,

915 405 1101 438 Prudenter
1123 414 1159 437 se
1183 406 1295 439 sociat.

833 462 896 497 4b.
919 462 1073 496 Saeviens
1098 462 1134 494 in
1158 471 1203 502 se,
1228 462 1290 496 soli

918 510 989 543 Sibi
1015 513 1084 544 erat
1110 510 1231 552 indiga.

832 567 892 602 5b.
914 569 970 601 Ad
995 571 1129 602 aeterna
1153 571 1222 602 toto
1246 569 1320 602 nisu

963 617 1151 658 suspirabat
1174 617 1299 652 sedula.

829 674 888 708 6b.
909 674 1099 707 Monachali
1124 676 1264 716 supplex
1290 676 1370 717 tegit

963 726 1061 764 caput
1085 723 1308 758 sanctimonia.

828 780 886 814 7b.
908 781 973 814 Res
999 780 1117 823 fidelis,

911 829 967 863 Sic
992 830 1100 870 exegit
1117 830 1321 870 juventutem

907 877 955 910 Et
978 880 1119 910 aetatem
1142 879 1312 919 reliquam,

910 926 958 959 Ut
981 926 1016 958 in
1041 926 1139 958 terris
1165 935 1200 959 se
1223 928 1409 967 praestaret

909 974 1020 1007 Civem
1046 983 1180 1014 prorsus
1207 974 1371 1008 coelicam.

823 1031 883 1066 8b.
905 1031 958 1064 En
983 1032 1126 1064 laetatur
1151 1035 1185 1064 et
1210 1032 1353 1066 exsultat

956 1081 994 1113 In
1020 1082 1205 1112 sanctorum
1231 1081 1350 1122 patria.

824 1136 883 1170 9b.
906 1137 1114 1171 Hierusalem
1139 1138 1173 1171 in
1200 1138 1334 1171 coelesti

906 1186 956 1220 Ut
976 1187 1150 1227 jungamur
1175 1196 1233 1219 nos
1260 1195 1340 1227 grex
1364 1189 1438 1221 tuus

954 1234 1003 1266 Te
1026 1238 1183 1275 precante
1210 1234 1365 1270 coetibus.

208 1297 294 1324 Miss.
313 1297 567 1326 Fontebraldense
587 1298 659 1334 imp.
678 1298 806 1327 Parisiis
829 1296 913 1327 1534.
933 1315 972 1320 —
994 1298 1048 1334 912,
1070 1297 1088 1326 2
1107 1299 1274 1337 fungamur.

568 1418 636 1451 393.
676 1420 722 1452 De
742 1420 851 1453 sancto
872 1421 1023 1463 Remigio.

582 1500 614 1535 1.
639 1501 695 1533 Ad
718 1502 879 1542 praesulis

640 1549 781 1591 Remigii
804 1558 899 1583 sacra
924 1550 1010 1584 festa

124 1606 182 1638 2a.
208 1603 335 1637 Psallat
362 1604 456 1645 plebs
479 1605 625 1645 jucunda

211 1652 280 1692 ejus
304 1652 451 1685 recolens
476 1657 578 1694 gesta.

122 1712 181 1744 Sa.
208 1710 297 1743 Voce
320 1719 396 1743 nam
420 1711 597 1751 promissus

206 1762 375 1799 antequam
402 1759 529 1800 genitus

208 1809 257 1839 est
283 1808 405 1841 coelica

121 1865 179 1898 4a.
207 1864 361 1898 Traditus
387 1865 492 1898 literis

203 1914 398 1952 providente
421 1913 484 1946 Dei

208 1961 379 1995 clementia

122 2018 179 2051 5a.
207 2017 362 2051 Crescens
385 2018 486 2060 igitur

206 2075 331 2099 morum
356 2067 521 2108 probitate
545 2070 649 2102 multa

203 2115 407 2154 praesulatus
433 2117 552 2149 meruit

205 2162 247 2194 ad
272 2173 396 2196 summa
419 2164 492 2196 tolli
518 2164 660 2207 fastigia.

120 2220 179 2253 6a.
205 2219 327 2262 Regem
351 2222 509 2263 baptizat,

206 2268 248 2300 de
274 2270 362 2302 coelo
390 2269 530 2304 chrisma

206 2325 333 2350 sacrum
357 2319 513 2358 impetrat

205 2363 360 2398 afferente
384 2366 550 2411 columba3

204 2412 287 2456 quis,
311 2422 399 2455 rog0,
426 2414 511 2447 vidit
535 2415 639 2448 talia?

824 1607 884 1641 2b.
908 1608 1015 1650 HuJus
1041 1609 1081 1641 ab
1107 1612 1200 1643 utero

907 1657 1007 1698 signis
1032 1657 1175 1699 refulget,
1194 1659 1273 1692 vita.

820 1713 881 1749 3b.
905 1714 1075 1757 Natusque
1100 1717 1210 1749 oculos

907 1764 995 1796 caeci
1021 1764 1104 1798 vatis
1129 1768 1231 1798 novat

904 1811 978 1844 luce
1002 1813 1101 1847 clara.

819 1868 879 1903 4b.
903 1868 1047 1904 Futurus
1072 1872 1186 1912 populi

901 1921 1016 1958 pastor
1038 1919 1195 1953 imbuitur

901 1967 1048 2000 scientia.

819 2022 879 2058 5b.
905 2024 959 2057 Ex
984 2026 1046 2058 hoc
1070 2026 1215 2067 gentium

906 2074 1006 2106 corda
1030 2073 1237 2109 abundanter
1261 2075 1378 2118 implet

907 2121 1029 2155 Christi
1057 2123 1206 2159 doctrina
1235 2126 1291 2167 pia

904 2169 1065 2211 largiente
1089 2171 1153 2204 Dei
1178 2175 1294 2215 gratia.

820 2225 880 2260 6b.
906 2229 1050 2269 Ampula
1074 2230 1170 2271 lapsa

907 2277 1053 2322 coelitus,
1082 2278 1192 2312 divino

906 2324 1082 2359 chrismate
1106 2328 1216 2372 plena,

905 2375 1011 2406 sancti
1035 2384 1096 2416 pro
1121 2378 1280 2410 memoria

904 2425 1055 2456 servatur
1078 2423 1113 2456 in
1139 2425 1287 2461 ecclesia.
