1652 2678
622 657 671 687 74.
712 656 749 688 In
770 655 978 698 conceptione
999 658 1089 689 Bmv.

201 736 260 769 la.
288 736 397 780 Ave,
423 735 512 767 mitis
536 736 674 778 virgula,
907 737 967 772 1b.
989 738 1091 771 Exuit
1114 747 1135 770 a
1158 739 1294 778 macula,

285 784 386 824 Quam
411 783 446 817 in
467 784 582 817 matris
608 785 755 818 clausula
991 787 1038 820 Ut
1062 787 1207 819 illustres
1232 788 1370 831 saecula,

331 833 445 866 Virtus
468 832 619 866 divinalis
1038 835 1146 867 Decus
1170 835 1350 876 virginalis.

202 892 261 924 23..
285 891 446 933 Maria,
473 893 511 922 tu
533 891 653 924 sideris
905 892 966 925 ab.
986 892 1139 926 Nondum
1165 895 1244 925 nata
1270 894 1413 926 crederis

288 939 393 972 Stella
417 939 517 971 maris
544 939 662 972 diceris
993 941 1114 975 Carens
1141 941 1237 981 spina
1263 942 1383 974 veteris

337 987 427 1020 Luce
452 987 595 1030 radiosa,
1042 989 1174 1030 eulpae,
1202 990 1284 1021 coeli
1310 999 1394 1023 rosa.

198 1047 261 1080 3a.
291 1045 449 1079 Gratia
474 1046 678 1086 progenitam
908 1045 968 1081 3b,
991 1046 1089 1087 Cujus
1114 1046 1188 1078 luce
1212 1047 1376 1087 perditam

286 1094 335 1127 Ut
356 1094 522 1126 lucernam
548 1094 695 1126 inclitam
988 1094 1034 1126 Et
1056 1095 1099 1127 ad
1125 1094 1213 1126 vitae
1236 1095 1384 1128 semitam

337 1142 477 1176 Lumine
502 1142 645 1182 vestivit,
1037 1142 1214 1184 Dragmam
1238 1143 1416 1184 insignivit.

204 1201 263 1234 4a,
290 1199 425 1232 Plena
446 1199 519 1231 luce
544 1200 669 1239 gratiae
906 1199 968 1234 4b.
991 1200 1076 1232 Tota
1099 1200 1238 1241 pulchra
1263 1201 1382 1243 specie,

338 1247 490 1281 Rutilans
519 1248 646 1291 decora,
1037 1249 1181 1291 Fulgens
1208 1249 1295 1280 omni
1318 1249 1409 1292 hora,

291 1295 400 1329 Solem
424 1298 461 1328 tu
482 1295 630 1336 justitiae
991 1295 1129 1328 Noctem
1156 1295 1398 1337 delinquentiae

335 1344 513 1379 Praevenis
538 1353 665 1378 aurora.
1035 1344 1144 1386 Fugas
1170 1344 1240 1376 sine
1263 1354 1364 1377 mora.

204 1404 262 1437 5a.
289 1402 499 1435 Dominus
526 1410 598 1434 cum
623 1402 787 1435 hominum
906 1401 965 1435 5b.
988 1403 1028 1435 In
1053 1404 1096 1443 te,
1123 1401 1215 1442 virgo
1240 1401 1412 1445 virginum,

334 1450 449 1486 Voluit
473 1450 588 1490 creari,
1038 1451 1106 1491 Quo
1130 1458 1189 1482 nos
1215 1450 1279 1482 scis
1305 1450 1407 1491 beari,

289 1500 440 1533 Omnium
460 1501 496 1531 tu
521 1499 684 1531 dominum
992 1499 1190 1540 Angelorum
1216 1499 1379 1539 agminum

340 1547 472 1581 Gaudes
498 1547 668 1580 humanari
1036 1547 1173 1579 Turmas
1198 1548 1357 1587 reparari.

205 1607 262 1640 6a.
290 1607 448 1639 Tecum
473 1605 538 1638 Dei
560 1604 646 1637 filius
906 1603 966 1638 6b.
992 1604 1097 1638 Carne
1121 1607 1251 1645 sumpta
1275 1606 1418 1646 proprim

287 1655 333 1688 Et
357 1657 395 1687 ut
420 1654 540 1687 vitrum
565 1653 677 1686 radius
989 1653 1035 1686 Et
1059 1662 1118 1686 nos
1144 1652 1208 1685 sibi
1232 1654 1368 1694 propius

338 1703 423 1736 Solis
450 1702 656 1740 subintravit,
1038 1701 1103 1734 Per
1127 1703 1161 1733 te
1183 1702 1360 1742 copulavit.

204 1763 263 1797 7a.
289 1760 535 1794 Benedicta
558 1759 638 1802 filia,
905 1759 967 1794 7b.
991 1760 1132 1801 Stringis
1155 1759 1242 1791 inter
1267 1759 1402 1793 brachia

284 1809 398 1843 Laetis
423 1808 576 1842 alim0nia
997 1807 1095 1848 Cujus
1122 1807 1224 1847 cingis
1248 1806 1350 1840 fascia

334 1858 451 1892 Nutris
476 1861 509 1889 te
534 1859 733 1900 pascentem,
1046 1855 1162 1889 Omnia
1187 1860 1363 1897 regentem,

201 1918 260 1952 8a.
286 1917 345 1950 Tu
369 1918 413 1950 in
437 1916 702 1948 mulieribus
910 1913 970 1948 8b.
992 1914 1073 1947 Post
1094 1916 1226 1955 partum
1250 1914 1284 1946 in
1311 1915 1471 1958 omnibus,

282 1966 329 2000 Et
351 1966 422 1999 sine
449 1964 615 1997 doloribus
996 1962 1074 1995 Sola
1098 1962 1146 1995 sic
1171 1962 1355 1996 hominibus

334 2015 436 2057 Virgo
461 2014 621 2055 peperisti
1042 2011 1152 2044 Vitam
1179 2012 1354 2047 contulisti.

203 2074 262 2107 9a.
289 2073 344 2106 Et
365 2073 414 2106 sic
438 2081 568 2114 semper
592 2072 726 2114 speculo
909 2069 969 2104 9b.
991 2070 1115 2103 Tamen
1141 2077 1213 2101 cum
1237 2068 1398 2104 infantulo

284 2121 356 2154 Nec
377 2121 476 2164 legali
495 2121 626 2154 vinculo
991 2119 1141 2153 Hostiam
1166 2127 1227 2158 pro
1250 2120 1387 2158 parvulo

333 2170 479 2204 Matrum
504 2169 709 2214 subjacebas,
1039 2166 1175 2208 Templo
1201 2165 1370 2200 offerebas.

176 2230 261 2264 10a.
288 2229 422 2263 Ventris
445 2228 495 2260 tui
514 2228 691 2269 puritatem
882 2225 968 2265 10b,
989 2226 1035 2259 Et
1059 2226 1108 2259 sic
1131 2234 1223 2258 suam
1248 2226 1418 2260 caritatem

334 2278 485 2311 Christus
509 2277 685 2312 adornavit
1013 2275 1118 2308 Nobis
1144 2274 1351 2311 condonavit.

256 2365 340 2394 Cant.
362 2375 417 2394 ms.
441 2364 679 2402 vissega-adense
698 2365 727 2392 V
749 2365 791 2393 Ce
810 2374 828 2400 η
850 2372 927 2392 saec.
951 2361 996 2391 15.
1013 2363 1048 2390 A.
1072 2377 1108 2381 —
1131 2360 1203 2389 Cod.
1226 2361 1368 2398 Pragens.
1384 2363 1428 2394 VI
1442 2365 1466 2396 0
1488 2363 1527 2395 20

174 2413 253 2435 saec.
276 2404 321 2435 16.
343 2406 378 2434 Β.
400 2418 439 2425 --
458 2402 503 2432 71>
524 2404 770 2433 imversttindlich
791 2403 986 2432 konstruiert.
