1652 2678
658 67 901 102 -48—

118 168 170 200 2a.
198 163 269 200 Hac
293 176 387 199 sacra
410 165 546 199 basilica
811 163 871 198 ab.
893 161 983 196 Aula
1006 160 1044 193 fit
1068 161 1150 193 haec
1174 159 1314 199 mystica

199 214 413 248 Collaudatur
437 215 563 247 coelica
894 209 1104 243 Infirmorum
1126 208 1267 247 medica,

245 264 292 296 Et
315 262 470 304 perennis
496 261 617 303 concio,
944 256 1063 296 Lapsis
1089 255 1278 289 consolatio.

112 323 170 355 3a.
199 317 272 355 Non
297 321 436 361 pretium
462 318 600 359 suscipit
812 315 873 351 3b.
898 312 1015 349 Nullus
1040 323 1112 347 eam
1139 313 1272 356 decipit,

198 370 263 403 Pro
289 369 392 401 sacris
418 368 476 400 sed
502 366 622 406 recipit
897 363 963 396 Sed
988 363 1131 403 seipsum
1158 361 1274 402 inficit,

245 418 330 451 Vota
356 425 427 448 cum
451 413 637 454 virtutibuS‚
946 410 1008 450 Qui
1033 411 1118 443 hanc
1143 410 1259 444 vendit
1283 410 1411 452 opibuS.

111 477 171 510 42..
197 472 279 514 Ejus
304 482 391 514 pane
415 472 568 511 vescitur,
811 467 871 502 41).
897 465 995 502 Scala
1019 467 1122 501 Jacob
1151 468 1282 510 dicitur,

200 522 350 563 Quisquis
375 520 421 553 ibi
445 519 569 559 patitur
896 516 966 556 Qua
991 516 1126 557 spiritus
1152 516 1282 548 vehitur

244 570 309 602 Pro
336 569 465 602 Christo
492 566 697 607 supplicium,
943 565 1000 598 Ad
1027 564 1110 598 coeli
1135 563 1311 607 fastigium.

113 630 171 662 5a.
198 624 378 661 Militemus
399 624 522 666 jugiter
816 622 876 658 5b.
897 620 982 658 Leti
1006 626 1043 655 ut
1067 622 1244 657 salubriter

198 675 367 708 certantes
392 672 534 706 viriliter
900 672 1144 713 Consequamur
1167 671 1295 712 pariter

247 723 367 756 Contra
390 720 503 754 mundi
530 720 620 762 vitia,
948 719 1043 754 Celsa
1068 720 1150 754 coeli
1175 721 1332 761 praemia.

190 790 276 817 Miss.
298 787 515 817 Suessionense
535 793 605 824 imp.
627 787 756 816 Parisiis
779 784 862 816 1516.
883 788 918 815 A.
936 802 972 807 --
986 787 1106 815 Prosar.
1127 796 1181 815 ms.
1204 787 1346 816 Gulielmi
1359 787 1456 816 Lovel

110 829 183 858 anni
218 824 292 856 1572
321 827 391 855 Cod.
419 826 613 855 Ambianens.
647 823 712 856 132.
740 827 774 854 B.
802 841 841 846 —-
866 825 1020 863 „Sequens
1047 834 1139 863 prosa
1165 826 1274 854 dicitur
1299 827 1332 854 in
1357 828 1456 863 capite

112 867 287 897 octabarum
317 866 515 894 dedicationis
546 865 673 894 ecclesie
699 864 907 894 Suessionens.
954 865 991 893 In
1021 874 1082 901 qua
1111 874 1165 901 per
1194 865 1308 902 primas
1338 866 1455 894 litteras

113 903 1125 972 verjffiggznffilgffffl355313135332223223232v33⁵1112223t1ffi
1142 903 1456 972 ἆῗέωθέοἷῗῗὲῗὶζ

110 945 315 1012 'gathkadralem
326 982 534 1018 praesentibus
545 981 684 1018 plurimis
695 981 832 1010 dioeseos
843 982 1004 1010 abbatibus
1016 953 1167 1010 dedic1avit
1177 960 1348 1016 25.A1⁷)'rilis
1359 980 1454 1010 1479“

110 1021 224 1058 (Gallia
237 1018 410 1050 Christiana
422 1020 466 1048 IX
487 1018 586 1055 (1751)
604 1030 632 1057 p.
654 1018 720 1050 375.
756 1020 862 1049 Damit
873 1021 916 1049 ist
929 1021 978 1049 die
991 1020 1239 1057 Abfassungszeit
1253 1020 1305 1049 der
1319 1021 1455 1059 Sequenz

112 1061 257 1098 gegeben.
279 1074 315 1079 —-
335 1060 422 1088 Mel:
446 1059 539 1088 Lucis
561 1061 625 1088 orto
647 1060 745 1088 sidere
761 1059 796 1088 B.

508 1153 556 1185 60.
597 1153 633 1184 In
654 1151 862 1185 Dedicat-ione
881 1152 1055 1185 Ecclesiae.

115 1216 171 1250 la.
201 1216 371 1257 Templum
400 1215 507 1247 cordis
533 1215 709 1255 expiemus,
816 1214 878 1249 11).
901 1214 987 1247 Laus
1014 1214 1136 1247 vocalis
1164 1218 1258 1247 extra
1282 1216 1405 1256 sordet,

201 1263 269 1297 Nos
296 1264 351 1304 qui
377 1263 492 1304 templi
515 1271 721 1296 recensemus
899 1262 934 1295 Si
961 1270 1017 1295 cor
1040 1263 1128 1295 intus
1152 1272 1217 1295 non
1243 1263 1421 1297 concordet

250 1313 437 1346 Praesentis
463 1312 629 1352 encennia,
950 1310 1071 1344 Carens
1095 1311 1311 1344 immunditia.

114 1374 173 1406 Za.
202 1371 361 1405 Constans
385 1369 630 1404 tabernaculum
815 1369 874 1403 21).
897 1369 1019 1402 Mentis
1045 1370 1288 1409 receptaculum

246 1418 361 1460 Lignis
387 1422 420 1451 et
444 1418 609 1459 lapidibus
947 1418 1105 1452 Ornemus
1130 1417 1305 1450 virtutibus

198 1467 280 1509 Ejus
307 1470 357 1499 est
380 1467 591 1509 signaculum,
899 1466 946 1500 Ut
971 1465 1015 1498 sit
1038 1466 1259 1499 habitaculum

250 1516 342 1556 Quod
369 1518 495 1548 constat
518 1515 681 1548 fidelibus.
948 1515 1012 1548 Dei
1037 1524 1109 1547 cum
1134 1514 1327 1548 hominibus,

115 1576 175 1609 3a.
200 1574 275 1607 Hoc
298 1577 350 1606 est
372 1574 529 1614 templum
543 1572 608 1606 Dei
633 1582 754 1614 carum,
816 1572 876 1607 ab.
899 1573 1006 1614 Hujus
1030 1573 1148 1615 templi
1172 1572 1430 1613 fundamentum,

201 1623 269 1663 Quo
298 1623 466 1663 dispensat
490 1621 668 1663 gratiarum
900 1623 1015 1655 Murus
1042 1625 1092 1654 est
1117 1624 1149 1654 et
1175 1622 1456 1662 complementum,

249 1671 346 1704 Dona
372 1670 632 1712 deposcentibus,
949 1670 1011 1711 Qui
1037 1679 1109 1703 esse
1135 1670 1194 1703 dat
1218 1670 1377 1704 omnibus.

118 1732 177 1764 4a.
205 1729 291 1763 Vide
315 1730 471 1771 templum
497 1729 690 1769 Salomonis,
817 1727 876 1763 4b.
898 1728 965 1761 Hic
990 1729 1125 1762 exaudit
1144 1728 1236 1762 Deus
1258 1729 1375 1770 justos,

198 1778 277 1811 Plus
302 1778 460 1811 virtutum
486 1778 613 1811 clarens
640 1777 734 1811 donis
899 1779 1003 1810 Arcet
1026 1778 1122 1819 lupos
1148 1778 1255 1819 gregis
1283 1780 1390 1810 custos

247 1827 350 1867 Quam
375 1830 559 1860 structurae
583 1827 700 1867 pretio,
948 1826 1002 1859 Ab
1028 1826 1090 1860 hoc
1116 1826 1293 1859 domicilio.

117 1887 174 1919 5a.
202 1885 291 1927 Jesu,
318 1888 429 1918 noster
455 1885 618 1926 salutaJiS,
818 1884 879 1919 5b.
908 1885 969 1925 Qui
995 1885 1054 1918 das
1080 1886 1202 1926 templo
1228 1885 1436 1918 sanctitatem

199 1933 328 1974 Templi
352 1934 436 1975 lapis
463 1934 638 1975 angularis,
898 1933 967 1967 Nos
987 1942 1049 1974 per
1070 1934 1159 1968 vitae
1183 1933 1358 1975 puritatem

247 1982 426 2014 Discordes
451 1981 658 2023 confoedera,
950 1983 1116 2015 Perducas
1141 1982 1186 2015 ad
1210 1991 1340 2023 supera.

193 2048 312 2076 Prosar.
343 2057 397 2076 ms.
426 2048 569 2076 Gulielmi
595 2049 692 2077 Lovel
721 2050 792 2076 anni
824 2046 907 2077 1572.
939 2048 1011 2078 Cod.
1038 2049 1232 2078 Ambianens.
1265 2047 1329 2078 132.
1354 2050 1391 2078 A.
1422 2064 1460 2069 —

114 2087 200 2115 Miss.
226 2086 443 2115 Suessionense
471 2088 542 2123 imp.
571 2087 699 2116 Parisiis
734 2085 818 2116 1516.
845 2088 870 2114 Β
898 2103 936 2107 -
961 2088 1021 2117 Die
1044 2089 1115 2117 Mel.
1147 2090 1180 2116 in
1205 2089 1233 2117 A
1259 2089 1380 2118 besteht
1406 2097 1460 2117 aus

116 2126 274 2154 einzelnen
293 2125 443 2154 Choralen
464 2125 516 2154 des
537 2126 656 2154 Laudes
677 2128 783 2155 crucis.

519 2219 559 2252 61.
604 2220 640 2251 In
660 2219 866 2253 Dedicatione
885 2221 1060 2254 Ecclesiae.

120 2281 177 2313 la.
205 2279 333 2320 Sponsa
355 2290 474 2322 sponso
500 2282 726 2324 desponsatur,
820 2282 879 2317 lb.
903 2284 993 2323 Quae
1017 2284 1155 2316 diversis
1180 2283 1239 2315 sub
1266 2282 1379 2325 figuris

204 2327 339 2367 Quando
367 2329 495 2362 Christo
523 2330 694 2363 dedicatur
900 2331 1100 2373 Designatur
1124 2331 1158 2363 in
1183 2332 1358 2371 scripturis

251 2377 291 2410 In
315 2378 412 2410 terris
439 2378 585 2419 ecclesia,
950 2380 1134 2420 Secundum
1158 2383 1337 2420 mysteria:
