1652 2678
727 77 968 112 -12-

192 180 250 211 4a.
280 175 304 208 O
330 176 422 217 mira,
451 175 538 208 celsa
563 178 594 208 et
618 176 673 216 pia
890 172 950 206 4b.
973 172 1036 205 Dei
1062 170 1305 204 misericordia!

195 235 251 267 5a.
278 233 329 266 Tu
355 242 440 276 ergo,
468 233 608 266 clemens
892 230 949 263 5b.
972 228 1137 271 Absterge
1167 228 1291 269 culpas.

275 285 371 322 pater
395 281 606 322 omnipotens,
973 277 1137 316 tenebras,
1163 277 1327 310 lacrimas.

276 338 335 362 nos
362 330 538 369 consolare,
974 328 1113 358 mentem
1142 326 1258 358 excita.

274 386 333 409 nos
358 375 508 409 laetifica.
974 382 1030 406 cor
1054 372 1202 414 purifica.

193 436 250 470 6a.
277 436 440 475 Quatenus
467 442 535 466 cum
563 434 683 466 sanctis
891 431 948 465 eb.
973 431 1123 465 Dilectus
1149 430 1235 464 filius

277 486 309 515 et
334 483 445 515 electis
471 482 617 514 omnibus
973 482 1047 512 tuus
1071 479 1256 520 unigenitus

193 542 248 574 Va.
276 540 366 572 Tunc
393 540 426 572 in
450 539 553 582 nobis,
890 537 953 571 7b.
977 538 1074 571 Cultu
1098 537 1160 570 sibi

275 597 345 619 cum
374 587 508 627 venerit,
972 586 1147 627 purissimo

273 639 431 676 paratam,
975 634 1178 676 condignam,

629 694 660 726 8.
687 692 836 725 Inveniat
862 693 1072 727 mansionem.

267 761 356 797 Trop.
378 769 430 787 ms.
454 761 667 788 camerac-ense
687 767 764 787 saec.
785 756 861 787 1⁰211.
885 757 955 787 Con.
979 759 1183 788 Cameracens.
1204 756 1252 787 79.

631 873 659 904 3.
680 870 841 905 Dominica
863 872 891 903 3.
913 871 1084 903 Adventus.

191 946 249 980 la.
274 946 394 978 Excita
417 945 554 978 Domine
582 953 730 985 magnam
889 943 909 977 ζ1
917 943 950 979 b.
971 944 1155 976 Potentiam
1180 943 1314 976 veniens
1338 945 1439 975 tuam.

192 1006 249 1039 221.
276 1003 322 1037 Ut
347 1002 454 1035 salvos
482 1000 594 1044 facias,
889 1000 949 1036 2b.
971 1001 1056 1041 Quos
1078 1003 1147 1042 jam
1172 1009 1352 1035 creaveras

192 1063 249 1096 3a.
274 1058 455 1094 Manifesta
480 1062 512 1091 et
539 1058 673 1101 publica
889 1059 948 1094 3b.
971 1059 1027 1092 Ad
1052 1059 1245 1101 adspectum
1271 1059 1424 1092 divinitas

191 1122 250 1155 4a.
277 1119 452 1151 Incarnata
476 1118 626 1159 prodeat,
888 1116 948 1151 4b.
971 1117 1060 1158 Quae
1083 1120 1219 1157 peccata
1239 1116 1353 1150 diluat.

192 1179 248 1211 5a.
277 1177 302 1210 O
328 1177 384 1217 pia
407 1175 542 1217 largitas
890 1174 949 1209 5b.
973 1175 999 1208 Ο
1024 1175 1118 1216 larga
1140 1175 1246 1215 pietas

275 1228 308 1257 et
330 1224 541 1265 indulgentia.
972 1223 1100 1255 miseris
1125 1223 1292 1258 miserans

193 1285 250 1317 6a.
278 1282 386 1325 Salva,
413 1282 517 1314 libera
889 1279 948 1315 6b.
973 1279 1075 1313 Nobis
1099 1282 1295 1321 demonstra,

275 1329 456 1370 faciemque
480 1332 568 1362 tuam
972 1328 1124 1370 salusque
1149 1330 1215 1362 cita

680 1388 711 1421 7.
738 1387 814 1420 Erit
839 1390 870 1419 et
897 1390 995 1421 certa.

265 1466 355 1502 ΤΙ-ορ.
379 1473 433 1492 ms.
462 1464 675 1493 cameracense
701 1471 776 1492 naec.
802 1461 879 1491 ¹⁰¹11.
909 1462 979 1491 Cod.
1007 1462 1211 1492 Oameracens.
1241 1462 1287 1492 79.
1308 1466 1345 1493 A.
1374 1480 1413 1485 —
1437 1465 1529 1501 Trop.

190 1513 244 1532 ms.
275 1503 484 1532 Cametas-ense
512 1511 589 1531 saec.
610 1500 686 1530 Ulla.
709 1501 779 1530 Cod.
802 1501 1006 1531 Cameracens.
1029 1501 1075 1530 61.
1096 1503 1130 1531 Β.
1156 1518 1195 1522 ——-
1223 1500 1266 1531 la
1285 1504 1339 1531 hat
1359 1505 1426 1531 ein(-
1447 1503 1532 1532 Silln·

189 1545 321 1580 n*³,nige1·
341 1543 386 1571 als
409 1540 459 1570 ll).
483 1560 487 1561 ν
539 1540 591 1573 61),
614 1538 632 1568 2
655 1542 795 1578 salusque
814 1542 879 1569 vita
898 1541 933 1570 A.
955 1556 993 1561 —
1013 1540 1041 1567 7.
1063 1541 1132 1570 Erit
1152 1545 1182 1569 et
1201 1550 1272 1570 vera
1294 1543 1327 1570 B.

622 1645 652 1676 4.
674 1644 835 1676 Dominica
856 1645 885 1676 4.
907 1644 1082 1677 Adventus.

190 1718 246 1751 la.
272 1716 369 1750 Diem
393 1717 535 1749 nat-alem
891 1715 951 1751 1b.
970 1716 1017 1749 Et
1042 1718 1190 1748 sanctum
1216 1716 1285 1756 ejus

274 1764 407 1798 Domini
432 1765 615 1805 suscepturi
974 1767 1081 1797 ortum
1108 1764 1303 1798 celebraturi

191 1825 248 1856 2a.
276 1821 330 1855 Sic
354 1831 413 1856 nos
439 1826 596 1864 aptemus,
891 1822 951 1857 2b.
975 1822 1095 1856 Sordes
1120 1824 1297 1865 pulsemus.

282 1900 285 1906 .
342 1900 345 1906 .
402 1900 405 1906 .
463 1900 469 1906 .
523 1903 529 1906 .
581 1899 588 1906 .
976 1871 1076 1904 corda
1100 1871 1348 1905 sanctificemus.

276 1919 324 1952 Ut
349 1920 502 1952 decenter
530 1918 739 1952 celebremus.
976 1920 1191 1953 conscientias
1216 1921 1417 1954 mundemus.

192 1978 250 2011 3a.
275 1976 322 2010 Ut
347 1987 366 2010 a
394 1977 499 2018 dignis
891 1977 951 2012 3b.
976 1978 1023 2010 Et
1046 1977 1205 2010 Dominus

279 2057 526 2063 .....
977 2026 1203 2058 immaculatus

278 2073 346 2105 dies
373 2073 489 2114 dignus
516 2073 658 2115 digniter
976 2084 995 2107 a
1020 2074 1124 2107 servis
1150 2074 1366 2108 immaculatis

279 2122 438 2154 exaltetur
977 2123 1163 2156 honoretur.

191 2180 250 2213 4a.
276 2179 368 2212 Tunc
393 2179 476 2212 enim
501 2180 597 2213 turba
891 2180 952 2215 4b.
974 2182 1012 2214 In
1042 2181 1095 2213 die
1118 2181 1178 2214 illa

279 2258 589 2264 ......
975 2239 1041 2270 pax
1066 2231 1268 2270 annuntiata,

187 2280 199 2296 ⁴
277 2275 453 2309 exsultabit
477 2277 633 2318 angelica.
975 2277 1070 2319 plebs
1095 2279 1251 2320 gaudebit
1278 2278 1451 2314 catholica.

194 2334 251 2366 5a.
277 2333 330 2366 Ab
355 2334 427 2374 ipso
452 2335 553 2376 igitur
579 2335 709 2368 Christo
893 2335 951 2370 5b.
974 2337 1021 2370 Ut
1048 2336 1083 2368 in
1108 2337 1254 2370 adventu
1278 2337 1368 2370 illius

277 2383 485 2423 postulemus.
