1652 2678
638 112 687 118 -
738 92 807 126 182
857 109 903 116 -—

106 192 163 225 3a.
191 190 378 226 Inconsulto
403 190 531 231 piaculo
805 187 865 222 3b.
887 187 970 227 Ejus
996 184 1096 217 affatu
1120 185 1255 225 querulo

190 239 325 272 Praesul
351 239 481 279 quidam
509 237 657 270 cubiculo
888 234 1052 272 Movetur,
1078 234 1117 263 ut
1142 231 1285 264 diluculo

239 287 351 321 Sancti
378 290 566 319 construens
591 284 745 317 lectulum
940 282 1121 320 cosurgens
1141 279 1278 311 mundet
1294 278 1447 311 loculum.

106 347 166 378 4a.
195 344 365 377 Heliodori
390 344 509 384 specie,
803 338 864 373 4b.
887 338 1010 370 Rerum
1035 336 1130 369 miles
1157 336 1315 368 ecelesiae

190 392 252 432 Qui
276 393 443 424 thesauros
468 389 624 431 pecuniae
886 386 1076 418 Distraetor
1102 393 1214 417 caesus
1241 384 1340 416 anxie

189 439 328 472 Deferre
353 447 461 470 secum
486 437 586 477 impie
891 432 970 465 Sese
995 431 1136 465 fractum
1161 432 1303 472 injuriae

238 486 404 526 Quondam
431 495 451 517 a
475 484 597 524 templo
620 482 733 522 voluit,
937 479 1188 514 Satisfacturum
1213 480 1365 513 adstruit.

105 549 163 578 ὅτι.
187 544 317 576 Memor
341 542 431 581 Jesu,
458 541 514 582 qui
540 541 670 574 dixerat
801 539 865 574 5b.
885 538 1016 571 Dimitti
1040 537 1147 571 furem
1171 538 1314 579 imperat

186 591 251 631 Illi,
278 599 372 631 quam
398 590 606 630 liberaverat,
884 587 1095 628 Hortarique,
1123 587 1209 629 quod
1237 590 1358 629 egerat,

234 639 283 672 Ut
305 646 369 670 non
395 639 546 677 peccaret
572 636 722 679 amplius,
933 636 986 669 Ne
1011 636 1192 669 committat
1217 636 1365 669 ulterius.

103 699 158 730 6a.
186 695 293 727 Furor
317 694 402 735 ignis
428 694 655 737 exstinguitur,
801 694 861 729 6b.
883 694 976 735 Quod
1002 693 1035 726 iu
1060 694 1143 727 aede
1169 694 1382 727 committitur

190 742 268 776 Cum
293 743 454 784 praesulis
480 743 656 783 opponitur
887 742 1010 781 Scelus,
1039 742 1116 775 dum
1134 744 1264 784 sanguis
1283 742 1444 783 funditur,

236 790 360 832 Corpus
386 794 533 823 sanctum
559 790 730 831 incendio;
935 791 1035 825 Punit
1058 791 1093 823 in
1117 791 1328 832 Berengario.

101 853 156 884 7a.
184 849 236 881 Ne
256 858 316 882 nos
338 857 399 889 pro
425 848 519 881 malis
544 849 669 889 puniat.
802 848 865 882 71).
886 848 943 889 Ut,
971 856 1066 889 quem
1090 849 1212 890 ignitus
1238 850 1363 882 sauciat

185 897 273 938 Ergo
299 896 347 930 sic
370 896 568 930 interveniat
886 895 1040 937 Serpens,
1065 896 1152 929 hunc
1177 897 1205 928 si
1230 898 1396 939 respiciat,

232 946 297 978 Pro
322 945 427 987 nobis,
452 948 547 986 pater
570 945 738 985 luminum,
934 945 965 977 A
991 945 1090 977 sorde
1113 945 1250 979 mundet
1275 946 1444 979 criminum

449 1005 481 1038 8.
508 1003 573 1035 Per
595 1004 708 1037 Jesum
727 1002 891 1037 Christum
907 1002 1094 1037 Dominum.

176 1071 262 1098 Miss.
288 1078 342 1098 ms.
364 1070 385 1098 S
416 1070 576 1106 Gangeriei
603 1079 679 1098 sace.
704 1068 749 1097 15.
772 1069 842 1098 ond.
865 1069 1071 1098 Cameracens.
1094 1068 1160 1098 145.
1188 1086 1227 1089 —
1252 1068 1307 1106 ΞΒ,
1329 1067 1348 1098 3
1369 1070 1449 1098 calu-

98 1120 113 1138 1·
133 1118 160 1138 m
181 1110 236 1138 Hs,
256 1125 296 1129 —
314 1107 369 1143 41),
391 1106 409 1137 3
429 1109 502 1137 He„-
525 1108 672 1137 fratrum?

523 1175 591 1206 242.
633 1175 675 1206 Ilo
698 1175 810 1206 sancta
832 1172 1002 1206 (lenm-esa.

130 1247 187 1280 la.
217 1244 403 1279 Genovefae
425 1246 596 1279 translatio
817 1245 877 1279 lb.
902 1246 1068 1287 Suspensa
1095 1246 1258 1280 desiderio

262 1294 331 1327 Nos
344 1295 386 1327 ad
400 1303 542 1336 superna
553 1293 742 1335 transferat,
946 1295 1043 1327 Mens
1049 1296 1260 1339 gustet‚quod
1269 1295 1445 1329 desiderat.

129 1354 187 1386 2a.
213 1352 310 1385 Felix
334 1355 435 1394 ortus,
462 1352 542 1386 felix
566 1353 643 1392 vita,
814 1351 875 1385 21³.
900 1353 965 1385 Per
991 1362 1087 1393 quam
1111 1352 1195 1386 fiunt
1218 1353 1349 1387 infinita

258 1401 355 1434 Felix
378 1401 514 1443 virginis
538 1402 706 1443 transitus,
946 1402 1112 1435 Miracula
1138 1401 1305 1438 divinitus

130 1460 188 1493 32.
214 1457 310 1492 Felix
337 1462 370 1490 et
393 1459 657 1493 commendabilis
815 1458 874 1493 3b.
899 1460 940 1493 In
965 1469 1030 1502 qua
1054 1459 1118 1493 fuit
1142 1459 1184 1493 ab
1210 1462 1335 1503 angelis

258 1507 337 1540 Fuit
361 1508 429 1548 ejus
454 1508 620 1550 nativitas,
950 1508 1124 1542 Celebrata
1148 1509 1348 1545 solemnitas,

127 1567 186 1599 42..
214 1565 312 1606 Cujus
338 1566 438 1599 vitam
462 1566 662 1600 laudabilem
814 1565 873 1600 41).
899 1566 1000 1609 Signa
1022 1570 1209 1601 monstrant
1231 1568 1417 1602 mirabilem

259 1614 409 1648 Commen
415 1615 494 1648 dant
504 1615 592 1647 dicta
606 1623 741 1656 praesu-

507 1663 586 1707 lum,
945 1665 1051 1698 Facta
1062 1674 1124 1706 per
1137 1666 1221 1699 hanc
1233 1666 1268 1699 in
1276 1667 1444 1708 populum.

125 1724 186 1755 5a.
212 1720 362 1762 Lepi-osi,
386 1722 485 1763 caeci,
511 1722 632 1764 rabidi,
812 1721 871 1756 5b.
896 1722 1009 1756 Sanati
1033 1727 1109 1756 sunt
1134 1727 1184 1757 tot
1207 1724 1363 1765 morbidi,

258 1770 424 1803 Patientes
449 1771 642 1812 vertiginem
946 1772 1030 1815 Quot
1043 1774 1256 1807 veneruntad
1270 1774 1444 1816 virginem.

125 1830 181 1862 6a.
208 1827 296 1860 Iram
322 1828 467 1862 divinam
492 1832 678 1871 temperans
813 1828 873 1864 6b.
896 1830 1014 1863 Plebes
1042 1834 1075 1863 et
1098 1832 1196 1865 villas
1222 1832 1368 1865 liberans

251 1877 441 1918 Imperabat
466 1879 687 1919 daemonibuS,
943 1879 997 1912 Ab
1023 1879 1172 1913 hostibus
1197 1883 1231 1912 et
1256 1880 1418 1916 cladibus,

126 1936 181 1967 7a.
210 1934 291 1967 Post
313 1939 451 1968 mortem
476 1936 685 1969 nihilominus
813 1936 873 1970 71³.
896 1937 992 1969 Fecit
1011 1945 1072 1976 per
1098 1946 1170 1969 eam
1195 1937 1364 1980 Dominus,

257 1983 431 2017 Innumera
452 1984 611 2017 miracula
948 1984 1007 2017 Cui
1035 1985 1140 2018 honor
1164 1995 1225 2027 per
1251 1989 1392 2022 saecula.

124 2042 183 2075 Sa.
209 2041 350 2081 Propter
374 2043 539 2074 ministros
566 2041 707 2075 Satanae
811 2039 872 2075 8b.
894 2040 973 2075 Fuit
998 2042 1091 2083 virgo
1117 2044 1326 2079 sanctissima

254 2090 373 2122 Partes
383 2092 550 2122 vastantes
559 2089 738 2129 Sequanae,
943 2090 1011 2123 Per
1034 2090 1109 2124 loca
1136 2093 1234 2126 ducta
1257 2095 1411 2138 plurima,

126 2147 183 2180 aa.
207 2146 244 2178 In
273 2146 388 2187 quibus
414 2147 517 2179 virtus
544 2146 681 2186 virginis
814 2145 872 2179 9b.
896 2147 1082 2182 Immobilia
1105 2151 1228 2183 saliunt

255 2195 320 2227 Tot
343 2193 424 2226 fecit
446 2193 619 2237 mirabilia,
944 2197 1000 2230 Ad
1025 2197 1161 2240 virginis
1187 2203 1368 2240 potentiam

208 2241 302 2280 Quod
320 2252 342 2275 a
365 2245 475 2275 mente
498 2244 575 2273 sunt
597 2240 738 2274 hominis
894 2243 942 2276 Et
965 2245 1108 2286 quietem
1133 2248 1298 2288 recipiunt

256 2289 611 2331 Incomprehensibilia.
943 2293 999 2326 Ad
1023 2294 1128 2334 ipsius
1151 2297 1385 2336 praesentiam.

100 2347 182 2379 lOa.
209 2345 356 2380 Tandem
379 2348 470 2390 virgo
495 2347 665 2379 reducitur
786 2347 870 2382 10b.
896 2349 1087 2383 Exstinctus
1113 2353 1343 2387 reaccenditur

254 2396 306 2428 Ac
325 2396 465 2427 transitu
489 2395 627 2427 Veneris
943 2399 1097 2431 Gereolus
1121 2409 1142 2432 a
1166 2400 1305 2440 superis
