1652 2678
621 111 885 147 —161—

117 199 176 231 6a.
203 200 355 235 Arcanus
381 213 457 237 arce
819 210 881 243 6b.
904 210 992 243 Hinc
1015 211 1164 251 lunigera

199 249 318 282 missus
343 252 384 284 ab
412 253 480 286 alta
901 263 998 292 noete
1022 258 1186 299 profunda

199 296 352 338 Raphael
378 301 472 332 adest
899 308 967 347 jam
992 308 1186 340 noetiundus
1212 304 1291 354 [sic]

199 345 277 376 huie
299 346 486 388 lampabilis
501 347 618 394 (huic),
904 353 985 388 ferri
1008 355 1135 388 viderat

202 391 300 434 digna
325 393 435 428 ferens
459 398 606 431 remedia
903 403 1025 437 Aidani
1050 404 1189 437 animam

198 441 354 482 languido
377 452 462 485 genu
900 461 1021 492 pompa
1046 453 1200 493 triumphi

197 489 406 530 imponenda.
901 508 999 540 super
1025 503 1123 533 astra.

115 546 170 581 7a.
195 547 395 581 Monazonta
817 555 876 590 7b.
899 557 950 589 Ac
977 558 1084 590 delato

198 594 238 628 fit
261 595 338 628 hine
363 598 470 630 rutilis
897 605 962 637 sibi
984 607 1102 639 meruit

198 643 268 676 sola
295 645 506 679 considerans
898 654 991 693 pasci
1016 654 1149 688 obsonio

197 693 345 726 theorica
899 709 960 740 per
984 711 1112 742 supera.

113 751 169 784 Sa.
195 751 242 784 Et
269 751 345 783 dum
371 754 463 785 tanta
815 757 873 791 8b.
904 758 1054 793 Gloriosa

195 799 270 832 luce
296 799 478 842 fulguraret
898 816 991 840 sacer
1015 808 1208 843 sublimatur

195 847 316 881 Christi
342 857 470 890 gemma
897 864 917 887 a
941 856 1072 896 popello

191 897 270 929 satis
296 897 477 939 almicoma‚
897 903 1046 943 pontifex
1073 906 1239 941 cathedra.

112 955 169 987 ea.
196 955 283 988 Hinc
307 956 431 997 gaudet
455 957 547 997 virgo
569 958 658 990 laeta
812 960 872 993 eb.
890 960 979 993 Hine
1001 961 1084 994 fides
1103 963 1235 1003 Christi,
1263 965 1339 998 hine
1360 975 1425 1006 pax

192 1003 255 1036 hoe
279 1012 398 1044 sponso
422 1006 570 1037 ecclesia.
895 1010 981 1042 alma
1007 1010 1127 1043 Christi
1151 1012 1302 1053 pullulat.

84 1061 164 1094 lOa.
192 1060 280 1094 Laus
306 1061 427 1102 ubique
453 1062 542 1095 volat,
787 1066 869 1101 101).
891 1067 923 1100 A
951 1067 1070 1101 Christi
1095 1070 1253 1103 immensa

186 1109 285 1150 jubar
309 1110 373 1142 hoc
893 1116 1000 1156 gratia

192 1158 331 1191 coeleste
356 1159 561 1200 praedicans.
892 1163 926 1196 in
956 1164 1018 1196 isto
1041 1165 1189 1199 rutilans,

193 1206 368 1248 Comperta
393 1208 455 1240 hac
478 1207 566 1241 fama
893 1211 1044 1244 Osculum
1070 1221 1132 1253 quo
1158 1213 1255 1246 dante

188 1255 281 1288 adest
308 1259 441 1289 caterva
890 1268 983 1305 puer,
1011 1270 1107 1301 quem
1131 1265 1235 1295 mater

189 1302 360 1337 morhiflua
891 1309 1085 1341 seminecem

189 1361 267 1385 cara
291 1356 428 1394 captans
451 1354 597 1387 remedia
891 1356 1063 1398 detulerat,
1089 1358 1264 1393 revixerat.

81 1410 122 1443 11
134 1420 162 1443 a.
189 1411 389 1451 Prophetica
781 1413 865 1448 111).
889 1414 1037 1456 Insignia

187 1460 241 1500 qui
268 1461 344 1493 dum
367 1461 474 1502 gratia
891 1472 950 1495 sua
974 1463 1089 1496 ultima

185 1508 290 1540 noscit
315 1507 428 1542 futura
887 1510 998 1553 lingua
1021 1513 1172 1553 praescia

190 1559 224 1589 ut
247 1558 437 1598 praeterita,
888 1561 1163 1601 praesignaverat.

78 1613 121 1647 12
131 1623 160 1646 a.
187 1614 301 1647 Victor
326 1615 530 1656 lauripotens
778 1617 862 1652 121³.
885 1617 976 1651 Coeli
1001 1618 1229 1660 hymnidioans

183 1672 254 1696 oum
280 1672 398 1706 magna
424 1664 530 1705 gloria
886 1667 1017 1699 scandit
1041 1669 1083 1700 ad
1108 1669 1241 1709 curiam,

542 1723 598 1757 13.
628 1722 742 1755 Clarus
765 1733 864 1756 ovans

624 1770 744 1812 ubique
768 1773 958 1813 praesentia

627 1819 749 1854 Christi
776 1824 919 1854 aeterna.

150 1886 236 1915 Miss.
256 1893 311 1915 ms.
332 1886 526 1915 Whitbiense
546 1893 623 1914 saee.
647 1883 692 1914 14.
715 1885 787 1915 Cod.
808 1886 971 1916 Oxoniens.
992 1888 1119 1917 Miscell.
1140 1888 1256 1926 Liturg.
1279 1887 1345 1918 390.

465 1980 527 2013 212.
569 1980 613 2013 De
636 1989 676 2013 ss.
699 1980 809 2021 cyrico
833 1982 866 2013 et
888 1981 1018 2014 Julitta.

536 2054 568 2087 1.
596 2055 724 2095 Pangat
747 2053 855 2095 simul,
880 2055 942 2095 eja,

595 2111 753 2143 praesens
779 2106 911 2136 caterva

64 2162 121 2195 aa.
149 2159 286 2195 Saeculo
313 2161 503 2194 veneranda
771 2160 831 2195 2b.
854 2161 915 2201 Qui
942 2162 1063 2194 dudum
1090 2161 1195 2194 carnis
1223 2165 1338 2195 cuneta

147 2212 328 2250 martyrum
358 2210 544 2253 certamina,
856 2210 1022 2243 calcarunt
1046 2209 1218 2250 supplicia

62 2270 122 2303 Βῆ.
149 2267 224 2301 Tibi
250 2269 356 2310 gloria
769 2267 829 2302 3b.
855 2267 953 2308 CuJus
978 2268 1084 2308 gratia

145 2326 185 2351 ac
209 2317 314 2351 virtus
340 2316 395 2358 sit,
423 2315 563 2357 Christe,
586 2315 695 2348 omnia
854 2317 991 2349 contulit
1013 2315 1134 2349 sanctis
1160 2316 1385 2359 triumphandi

143 2375 205 2407 per
231 2366 373 2407 saecula,
850 2365 1077 2400 constantiam.

115 2427 247 2453 Drevee,
262 2425 412 2455 sequentiae
425 2425 545 2449 ineditae.
568 2424 616 2450 111.
1195 2422 1231 2454 11
