1652 2678
749 59 1014 94 —201-

556 151 624 184 268.
667 152 703 184 In
723 152 941 186 Decollatione
961 162 986 185 s.
1008 152 1161 186 Jonannis
1181 153 1213 185 B.

663 235 695 268 1.
721 233 772 267 De
798 237 910 267 sancto
934 235 1094 279 Johanne,

722 282 867 324 baptista
891 282 965 324 Dei,

214 337 272 370 aa.
302 336 436 370 Domini
461 347 686 382 praecursore,
917 341 981 374 2b.
1006 340 1067 380 Qui
1091 342 1196 382 major
1221 340 1405 374 hominibus

300 385 443 426 gaudeat
468 387 616 428 ecclesia,
1004 392 1101 429 atque
1128 390 1202 430 plus
1227 398 1323 431 quam
1347 391 1508 431 propheta

216 442 274 476 Sa.
302 442 426 483 Regem
451 444 605 478 admonet
629 446 796 480 Herodem
917 447 977 481 3b.
1002 447 1058 488 Ut,
1084 457 1179 489 quam
1205 448 1335 489 tulerat,
1361 457 1495 481 uxorem

296 491 435 525 caritate
459 492 569 533 nimia,
998 493 1094 528 fratri
1119 505 1177 528 suo
1205 496 1358 529 dimittat.

212 549 273 582 4a.
301 549 382 582 Sunt
409 551 492 583 haec
515 551 628 593 utique
652 560 746 586 sacra
916 553 977 588 41).
1002 552 1068 585 Sed
1092 553 1241 586 libidinis
1266 554 1385 587 ardens

297 597 430 643 monita,
1001 599 1110 634 facula

295 654 371 678 nam
397 656 462 679 non
488 646 564 679 odio
589 648 648 680 sed
674 657 785 681 amore
998 649 1196 682 matrimonii
1221 649 1403 683 inconcessi

297 694 413 727 salutis
999 695 1135 730 foedera

296 742 453 782 magister
477 743 645 784 arguebat,
999 754 1059 777 rex
1084 754 1217 778 servare
1240 747 1393 788 malebat,

298 798 396 830 quem
420 799 480 831 per
505 790 631 823 incesta
1001 802 1095 833 quam
1121 793 1164 826 ad
1191 795 1306 827 veniae

295 838 394 878 perdi
421 838 563 872 dolebat.
997 839 1085 873 flecti
1112 842 1270 875 consulta.

210 896 270 929 5a.
298 895 379 928 Mox
404 896 578 937 impatiens
916 898 975 933 5b.
1001 899 1102 939 Quem
1128 899 1175 931 sic
1198 901 1311 942 regina

297 946 433 978 conatur
460 945 574 978 audire
1003 946 1088 987 cogit
1114 947 1268 981 adultera

295 991 442 1036 consilia,
998 995 1187 1036 sanansque
1211 994 1290 1037 filia,

296 1041 463 1074 doctorem
1000 1044 1087 1083 quod
1111 1044 1225 1076 mundi

294 1089 411 1130 ligavit
435 1090 613 1131 parricida,
1000 1092 1217 1133 exstinguitur
1242 1094 1385 1125 lucerna.

209 1147 269 1181 6a.
298 1148 406 1188 Caput
430 1149 527 1181 datur
550 1149 682 1190 puellae
914 1149 976 1184 6b.
1000 1149 1066 1182 Sed
1091 1151 1217 1192 martyr
1239 1151 1353 1184 vivens
1381 1150 1509 1184 Christo

294 1194 425 1237 fertque
449 1197 548 1229 matri
574 1205 653 1229 suae
677 1197 798 1237 puella,
999 1197 1163 1230 coelorum
1187 1199 1336 1238 possidet
1361 1199 1491 1239 gaudia.

206 1254 266 1289 7a.
293 1254 384 1295 Ergo
410 1255 474 1287 Dei
914 1257 932 1289 7
940 1255 974 1289 b.
996 1255 1044 1288 Ut
1067 1256 1215 1288 vivamus

290 1311 429 1344 precare
454 1303 560 1345 gratia
996 1306 1104 1336 tecum
1129 1303 1164 1336 in
1189 1305 1331 1339 saecuia.

282 1391 373 1427 Trop.
394 1399 449 1418 ms.
472 1390 689 1419 Cameracense
710 1398 788 1419 saec.
810 1388 887 1418 102‘11.
904 1390 975 1419 Cod.
991 1390 1197 1419 Cameracens.
1219 1389 1266 1420 79.
1280 1391 1316 1419 A.
1338 1405 1375 1410 —
1397 1391 1460 1420 Mis
1502 1398 1556 1418 ms.

206 1427 237 1457 S.
259 1429 423 1489 Gapbglerici
443 1438 522 1458 saec.
545 1427 590 1458 15.
614 1429 686 1458 Cod.
709 1428 917 1488 Camerecens..
938 1427 1003 1458 145.
1024 1429 1058 1457 Β.
1080 1446 1119 1484 κι-
1144 1429 1233 1475 Grad.
1255 1439 1311 1458 ms.
1325 1430 1559 1489 Auni-cinctense

205 1476 284 1496 saec.
335 1477 384 1497 ue.
407 1468 479 1497 Cod.
499 1469 652 1497 Duacens.
675 1466 741 1497 124.
764 1468 795 1497 O.
874 1468 960 1497 M1ss.
982 1468 1198 1497 Cameiacense
1218 1478 1290 1506 imp.
1312 1469 1450 1497 Paridis,
1474 1466 1561 1497 1542.

204 1507 242 1536 D.
265 1523 301 1527 -
322 1506 375 1542 52,
397 1505 416 1537 3
437 1508 539 1536 fehlen
559 1509 634 1536 zwei
655 1507 761 1536 Silben
782 1516 830 1536 am
851 1507 936 1536 Vers.

549 1670 617 1702 269.
658 1669 696 1702 In
716 1669 935 1702 Decollatione
956 1677 980 1700 s.
1004 1668 1161 1701 <Iohannis
1181 1668 1212 1700 B.

645 1752 678 1785 1.
704 1751 832 1784 Psallat
855 1760 947 1784 mens
972 1752 1086 1783 nostra

702 1799 843 1833 Domino
867 1798 1081 1840 gemebunda,

207 1860 267 1893 Za.
294 1859 340 1892 Et
364 1857 452 1900 quod
478 1860 569 1899 optat
913 1857 973 1891 2b.
993 1856 1040 1889 Et
1065 1855 1152 1897 quod
1178 1854 1279 1888 ambit

293 1907 423 1940 imitata
1001 1905 1179 1945 speculata.

208 1968 266 2001 32.
294 1967 368 2000 Vox
393 1968 534 2006 resonet,
914 1963 975 1999 3b.
999 1962 1063 1996 Cor
1090 1962 1219 2004 cogitet,

294 2023 386 2047 mens
412 2017 567 2056 suggerat
999 2019 1089 2044 mens
1115 2013 1245 2051 satagat

293 2064 421 2104 superis
448 2063 590 2104 sociata;
996 2068 1123 2101 sapere,
1150 2067 1234 2100 quae
1258 2061 1333 2091 sunt
1359 2068 1487 2101 supera.

207 2125 272 2158 4a.
297 2122 474 2162 Angelicos
913 2119 976 2153 4b.
1005 2122 1055 2151 Ac
1079 2117 1254 2150 Dominum

293 2170 416 2204 imitari
445 2171 555 2202 coetus
999 2167 1055 2208 pie
1079 2166 1194 2199 laudet
1218 2166 1316 2199 tern's

292 2218 423 2253 noverit
446 2218 621 2259 peregrina
998 2216 1106 2248 incola
1132 2223 1232 2255 super
1256 2217 1356 2249 astra.

209 2282 267 2315 5a.
295 2279 424 2319 Pangat.
447 2276 607 2317 modulos,
916 2274 976 2309 5b.
998 2273 1130 2307 Ardens
1152 2272 1282 2314 jubilet,

294 2329 404 2370 grates
429 2324 553 2360 referat
1002 2322 1132 2357 Christo
1157 2321 1290 2355 haereat

292 2375 520 2415 tremebunda,
1000 2371 1195 2405 amabunda.
