1652 2678
704 112 971 150 —219—

174 209 234 242 9a.
261 209 374 252 Virgo,
398 210 493 252 virga
517 211 735 255 triumphalis,

264 257 391 299 Sponsa
413 259 499 300 regis
524 260 728 302 immortalis,

263 306 332 339 Nos
356 317 377 340 a
402 308 526 340 cunctis
552 308 656 342 redde
676 309 771 342 malis

314 355 386 389 Tua
410 364 508 396 prece
533 357 667 398 liberOS,

878 212 939 246 9b.

962 212 1010 246 Ut
1034 211 1149 245 sedata
1174 211 1280 244 carnis
1305 211 1364 243 lite

962 260 1127 293 Satientur
1150 262 1230 300 potu
1254 260 1351 302 vitae,

963 309 1024 349 Qui
1050 307 1091 342 de
1114 317 1193 341 vera
1216 306 1319 341 fluens
1342 307 1410 340 vite

1011 358 1130 392 Coetus
1154 356 1215 388 alit
1239 364 1385 397 superos.

252 432 337 460 Miss.
354 440 409 459 ms.
431 431 646 461 Cameracense
666 441 743 461 saec.
767 432 811 462 14.
834 432 905 461 Cod.
927 433 1132 461 Cameracens.
1156 429 1219 460 123.

595 535 663 568 293.
705 535 750 569 De
771 537 883 568 sancta
902 535 1095 568 Katharina.

202 607 261 641 1a.
290 606 502 640 collaudetur
527 607 720 651 Katharina,

200 762 258 794 2a.

201 917 258 949 3a.

202 1070 259 1103 4a.

203 1225 261 1257 5a.

201 1378 259 1411 δα.

203 1533 258 1565 7a.

201 1687 257 1720 8a.

201 1843 256 1875 9a.

175 1996 256 2031 lOa.

283 655 421 688 Florens
444 664 519 688 rosa
544 656 615 688 sine
639 655 744 697 spina,

331 702 464 736 Rubens
494 712 554 744 per
578 704 790 745 martyrium3

285 761 377 793 Haec
404 759 553 793 doctores
579 762 757 803 superavit,

284 809 378 842 Haec
403 811 517 841 cuntes
542 810 714 842 evacuavit,

334 857 447 891 Cultus
470 856 662 898 idolatriae3

285 915 371 947 Dum
396 923 461 947 non
486 915 575 948 cedit
600 915 759 956 hostibus,

283 962 422 1010 ltesistit
447 963 623 1003 erroribus,

336 1011 436 1051 Virgo
462 1009 655 1055 flagellatur,

289 1068 354 1102 Sed
380 1077 444 1102 non
471 1069 589 1102 desunt
615 1070 818 1102 consolantes

284 1117 380 1150 Hanc
405 1117 523 1158 angeli,
547 1117 768 1150 ministrantes

336 1165 449 1198 Cibum
474 1166 607 1198 missum
634 1166 778 1199 coelitus.

289 1224 472 1264 Imperator
496 1223 582 1255 hanc
606 1224 766 1264 hortatur,

288 1271 347 1304 Cui
373 1279 437 1303 non
463 1271 598 1304 credens
625 1271 814 1310 decollatur,

333 1319 425 1353 Fluit
449 1319 501 1351 lac
522 1329 582 1360 pro
608 1319 773 1360 sanguine.

285 1376 390 1421 Felix,
419 1385 480 1417 per
505 1386 600 1418 quem
625 1377 744 1418 gaudia

286 1425 369 1458 Tota
392 1424 426 1458 in
454 1426 592 1458 ecclesia

335 1473 470 1506 Sumens
497 1475 671 1518 exaltatur,

285 1531 338 1564 Ex
362 1531 450 1564 illius
476 1532 589 1565 tumba
609 1534 721 1564 manat

284 1580 407 1622 Oleum,
435 1580 523 1620 quod
549 1582 681 1614 cunctos
707 1584 801 1613 sanat

333 1627 454 1660 Divina
478 1629 640 1669 potentia3

284 1686 309 1719 Ο
336 1687 445 1718 lumen
468 1686 676 1727 virginitatis,

286 1734 350 1767 Vas
378 1734 515 1777 decoris,
541 1734 723 1768 sanctitatis

332 1782 469 1815 Flumen
493 1782 694 1826 indeficiens,

284 1841 364 1874 Flos
389 1841 424 1874 in
448 1839 563 1873 florum
590 1841 700 1874 areola

285 1889 435 1930 Florens,
463 1890 562 1922 sortis
588 1890 721 1924 aureola

333 1938 488 1972 Gaudens
513 1939 613 1980 trina,

281 1996 327 2029 Et
350 1999 434 2038 post,
460 1997 517 2037 pia
541 2000 646 2030 mater
670 1996 766 2039 bona,

281 2045 359 2078 Flos
387 2045 555 2079 doctorum
581 2049 615 2079 et
638 2048 788 2079 matrona

333 2094 532 2128 Clericorum
563 2094 715 2138 omnium,

901 606 958 640 lb.

898 761 957 794 2b.

899 915 958 950 3b.

899 1069 960 1103 4b.

900 1223 959 1256 5b.

902 1377 961 1411 61).

902 1532 961 1566 7b.

900 1687 960 1723 8b.

981 607 1074 640 Haec
1100 609 1150 638 est
1170 607 1261 648 virgo
1287 606 1440 648 gratiosa,

982 655 1071 688 Nata
1095 655 1190 700 regis,
1218 655 1299 697 legis
1324 655 1424 696 glosa,

1031 703 1136 736 Dulce
1161 704 1243 736 coeli
1267 703 1429 745 gaudium.

980 761 1028 794 Ob
1058 761 1120 794 hoc
1146 761 1243 802 digne
1267 761 1358 802 virgo
1383 761 1439 801 pia

983 810 1015 842 A
1039 808 1164 849 triplici
1189 810 1372 842 hierarchia

1033 857 1246 892 Collaudatur
1271 858 1378 892 hodie.

981 917 1012 948 A
1040 914 1188 957 profanis
1213 915 1361 949 manibus

984 964 1086 997 Caesa
1111 965 1345 1007 scorpionibus,

1029 1012 1110 1045 Mox
1137 1012 1368 1046 incarceratur.

983 1070 1031 1103 Ob
1059 1069 1122 1103 hoc
1147 1071 1285 1102 credunt
1307 1070 1514 1102 incredentes

984 1118 1082 1150 Multi
1108 1121 1157 1150 tot
1181 1119 1274 1159 signa
1293 1118 1442 1150 videntes

1031 1166 1122 1199 Fieri
1150 1166 1316 1199 divinitus,

983 1223 1097 1256 Monte
1122 1223 1202 1256 Sina
1227 1224 1428 1264 deportatur,

984 1271 1180 1312 Sepulturae
1205 1280 1322 1312 corpus
1348 1271 1444 1303 datur

1031 1321 1072 1353 In
1097 1328 1247 1360 supremo
1274 1319 1422 1351 culmine.

984 1378 1104 1411 Orbem
1129 1378 1237 1418 replet
1260 1377 1393 1419 semine,

982 1426 1021 1458 In
1049 1426 1211 1458 coelorum
1237 1425 1364 1468 agmine

1032 1474 1179 1507 Tandem
1210 1475 1395 1507 collocatur.

985 1532 1097 1566 Caecis
1124 1531 1212 1566 visus
1238 1535 1449 1574 restauratur,

983 1580 1078 1614 Salus
1103 1581 1208 1622 aegris
1234 1583 1416 1622 reparatur,

1031 1630 1143 1663 Laetis
1171 1630 1291 1662 cedunt
1314 1629 1433 1664 tristia.

981 1687 1100 1721 Funde
1126 1688 1211 1720 dona
1233 1687 1378 1729 pietatis,

984 1737 1086 1770 Vultu
1110 1738 1185 1768 tuae
1209 1736 1364 1769 bonitatis

1032 1784 1167 1818 Fideles
1192 1784 1380 1826 respiciens.

902 1842 965 1876 eb.
987 1844 1128 1883 Propter
1153 1845 1241 1875 tuam
1270 1842 1472 1875 clementiam

878 1997 961 2032 10b.

985 1891 1088 1924 Nobis
1113 1891 1255 1932 impetra
1280 1891 1428 1935 gratiam,

1033 1939 1230 1974 Katharina.

981 1999 1100 2031 Pacem
1126 1997 1238 2030 confer
1261 1999 1492 2039 sempiternam

983 2047 1029 2080 Et
1058 2047 1100 2080 ad
1126 2047 1231 2079 lucem
1256 2056 1314 2081 nos
1340 2057 1514 2089 supernam

1032 2094 1153 2130 Confer
1177 2099 1253 2137 post
1277 2096 1434 2130 exsilium.

248 2172 335 2201 Miss.
353 2181 408 2201 ms.
421 2172 613 2201 Dominican.
629 2180 706 2200 saec.
722 2171 768 2201 15.
784 2173 854 2202 Coa.
869 2173 1078 2210 Burdigalens.
1093 2171 1140 2202 89.
1155 2188 1192 2193 —
1202 2174 1274 2203 Mel.
1285 2174 1461 2211 jedenfalls:
1478 2175 1513 2204 In

171 2211 293 2239 coelesti
316 2211 494 2241 hierarchia.
515 2229 553 2232 —
575 2211 627 2248 5a,
650 2209 668 2238 2
690 2211 750 2246 Qui
770 2221 832 2241 non
853 2212 983 2240 credens.

592 2305 662 2339 294.
705 2306 747 2338 De
768 2306 881 2339 sancta
900 2306 1095 2340 Katharina.

169 2379 226 2414 la.
253 2379 345 2413 Sicut
369 2388 446 2413 rosa
470 2379 620 2420 speciosa

300 2428 353 2462 Ex
379 2428 483 2471 spinis
511 2429 666 2470 exoritur,

872 2379 934 2413 lb.
956 2379 1012 2413 Sic
1037 2381 1080 2414 de
1104 2382 1200 2422 spina
1225 2382 1409 2417 Katharina

1006 2429 1130 2463 Gentili
1157 2431 1376 2473 progreditur.
