1652 2678
657 98 917 135 —109-

148 195 206 228 9a.
233 196 336 236 Quam
362 194 441 230 felix
468 198 647 242 clementia,

231 244 323 284 Quod
351 245 420 287 eJ'us
447 254 481 279 es
506 245 592 287 filia3

120 315 204 350 tea,
232 317 350 350 Omnes
375 318 533 360 illumina,

231 364 401 399 Coelorum
425 367 574 410 Domina,

230 438 276 471 Ut
300 437 443 471 Thamar
467 437 569 471 filium

276 485 383 519 Judae
411 488 585 527 parturiat,

120 436 202 471 lla.

230 558 279 591 Te
301 558 482 592 Salomonis
505 557 632 591 fabrica

230 606 326 640 Nube
350 606 468 648 figurat
493 607 641 648 mystica,

275 656 377 695 Quam
389 655 446 688 lux
460 656 608 688 coelestis
620 658 755 698 reserat,

122 558 203 592 120„

228 726 306 760 Sine
330 729 420 760 tactu
446 736 542 760 carne
567 736 647 760 sana

227 775 362 816 Absque
387 785 483 808 manu
506 779 555 808 est
579 776 719 809 humana

118 727 200 761 13a.

118 848 197 882 1421.
226 848 339 881 Virum
364 848 510 890 virgineo

226 895 437 929 Circumdans
463 898 566 936 utero,

273 945 298 979 O
329 946 421 986 virgo
447 944 578 986 femina,

117 1017 159 1051 15
170 1027 198 1051 a.
227 1017 349 1059 Regem
373 1017 533 1051 Emanuel

223 1065 362 1099 Nuntiat
388 1065 532 1107 Gabriel,

273 1114 366 1154 Quod
390 1114 480 1146 nasci
505 1115 622 1147 debeat

272 1161 343 1195 Nee
366 1163 473 1203 pudor
497 1165 620 1203 pereat.

119 1233 201 1270 16a.
231 1234 330 1274 Quem
358 1238 478 1267 canunt
501 1235 617 1277 angeli,

223 1283 387 1317 Coelestes
412 1283 527 1324 nuntii,

267 1331 313 1364 Et
337 1339 452 1372 pacem
478 1331 641 1371 perditam

268 1380 400 1413 Homini
430 1380 602 1413 redditam.

813 1017 897 1051 151).

811 1234 894 1269 161).

844 198 903 232 91).
926 198 1117 230 Peccatores
1143 197 1305 237 gaudeant

927 246 974 279 Et
997 248 1030 278 te
1053 248 1188 278 matrem
1214 245 1343 278 adeant.

821 319 903 352 tob.
926 318 1069 359 Nosque,
1095 317 1248 358 propitia,

926 366 981 400 Sic
1005 365 1189 406 reconcilia,

820 439 903 474 11b.
929 439 988 480 Qui
1013 447 1071 472 nos
1097 448 1117 471 a
1140 438 1227 471 vitiis

974 487 1089 520 Dividi
1113 486 1224 521 faciat.

925 560 965 592 In
989 559 1048 592 illa
1072 559 1165 592 domo
1188 559 1296 592 mallei

924 608 997 641 Non
1023 610 1199 641 sonuerunt
1222 608 1318 648 aerei,

972 656 1044 689 Nee
1066 658 1101 688 te
1122 657 1177 689 lex
1200 656 1264 689 viri
1287 659 1437 690 noverat.

818 560 902 593 1210.

817 728 859 761 13
869 728 901 761 b.
925 728 1024 770 Lapis
1052 737 1162 761 caesus
1189 738 1230 761 ex
1253 731 1296 769 te,
1322 738 1416 769 pura,

923 777 1023 817 Quem
1047 786 1138 810 mons
1164 777 1271 818 signat
1286 778 1320 809 in
1338 775 1456 817 figura.

815 847 898 882 14b.
921 849 967 881 Et
991 849 1042 881 vir
1068 852 1101 881 et
1124 849 1212 882 Deus
1237 851 1294 890 est,

922 897 981 937 Qui
1006 901 1101 930 natus
1128 902 1200 930 tuus
1227 900 1276 930 est

971 945 1096 978 Natura
1122 946 1258 987 gemina.

922 1018 1018 1051 Ortus
1044 1019 1078 1051 in
1103 1018 1294 1050 Bethlehem

918 1066 989 1099 Rex
1015 1070 1064 1099 est
1089 1067 1282 1109 Jerusalem,

970 1115 1080 1155 Quem,
1106 1115 1215 1155 proles
1240 1115 1339 1156 regia,

969 1163 1062 1196 Paris
1089 1172 1160 1195 eum
1185 1163 1297 1203 gloria.

916 1234 1004 1276 Ergo
1030 1235 1191 1275 virgineos

917 1283 991 1315 Huc
1016 1286 1145 1315 vertens
1171 1284 1278 1315 oculos

968 1331 1049 1364 Dele
1073 1329 1220 1363 facinora

966 1379 1011 1412 Et
1035 1383 1107 1412 tuos
1133 1379 1262 1413 robora.

446 1453 502 1486 17.
530 1454 578 1488 Ut
593 1462 651 1486 nos
669 1453 711 1486 ad
729 1454 864 1494 regales,
889 1452 991 1494 virgo,
1009 1452 1139 1493 nuptias

529 1501 699 1534 Introduei
723 1510 793 1534 eum
822 1501 1001 1541 redemptis
1026 1499 1138 1534 facias.

184 1587 303 1615 Prosar.
327 1595 381 1614 ms.
403 1587 613 1616 Glastoniense
634 1596 710 1617 saec.
738 1585 782 1615 12.
805 1596 849 1616 ex.
873 1587 943 1617 Cod.
965 1588 1148 1616 Londinens.
1172 1587 1267 1625 Calig.
1288 1589 1316 1616 A
1336 1588 1421 1616 XIV.

555 1710 620 1743 144.
660 1711 705 1742 De
725 1711 824 1743 beata
843 1710 946 1743 Maria
967 1711 1002 1742 V.

109 1792 165 1825 la.
195 1792 268 1824 Ave
292 1791 391 1833 plena

243 1842 276 1872 et
298 1841 458 1881 pei-plena
480 1841 595 1881 gratia,

192 1889 295 1929 Quam
320 1888 469 1930 perfudit

240 1938 324 1971 sieut
348 1938 453 1971 vellus
477 1938 591 1979 pluvia

286 1987 449 2020 Immensa
472 1987 586 2030 gratia.

104 2056 162 2088 2a.
191 2055 279 2088 Hine
308 2055 459 2088 turbatur

238 2103 345 2136 earnis
370 2103 529 2144 angustia,

188 2153 324 2194 Quando
348 2152 450 2185 sensit

237 2201 301 2234 Dei
325 2200 490 2243 magnalia

282 2250 411 2292 Angelo
434 2250 597 2292 loquente.

100 2321 157 2355 3a.
186 2319 344 2353 Laetetur
372 2321 478 2352 mater
502 2318 653 2361 omnium,

183 2368 266 2412 Eva,
296 2368 387 2410 eujus
412 2367 626 2409 opprobrium

237 2416 347 2451 Sensit
370 2418 474 2451 onmis
500 2415 578 2453 filia.

811 1792 868 1825 lb.
894 1791 993 1826 Unda
1013 1795 1082 1825 tota

942 1840 1072 1873 deitatis
1098 1840 1232 1883 labitur,

891 1888 937 1922 Et
961 1890 1009 1921 sic
1033 1889 1167 1922 verbum

941 1946 1018 1970 earo
1042 1937 1163 1971 factum
1190 1937 1333 1971 cernitur

989 1986 1027 2019 In
1053 1989 1166 2020 nostra
1189 1986 1307 2027 patria.

807 2053 867 2088 2b.
891 2054 935 2088 Se
959 2057 1144 2096 portantem

937 2106 1048 2144 portat
1071 2103 1253 2146 virginitas,

889 2153 990 2194 Quam
1016 2153 1179 2193 portantis

937 2202 1042 2235 munit
1062 2201 1263 2235 immensitas

986 2250 1119 2292 Virgine
1143 2253 1303 2291 stupente.

807 2318 866 2353 3b.
888 2318 1010 2353 Mulier
1037 2318 1130 2352 dedit
1153 2319 1298 2361 vetitum,

890 2367 988 2401 Nune
998 2367 1112 2401 reddit
1122 2366 1263 2402 finctum
1271 2370 1441 2416 placitum,

938 2418 1003 2450 Pro
1027 2425 1151 2450 veneno
1179 2418 1295 2453 dulcia.
1469 2420 1481 2423 “
