1652 2678
106 207 167 239 2a.

105 409 163 444 3a.

104 611 163 644 42..

103 813 162 845 5a.

99 1016 156 1048 fia.

100 1218 157 1251 7a.

94 1421 153 1454 Sa.

87 1864 144 1897 la.

83 2070 141 2102 2a.

80 2275 136 2309 3a.

645 109 908 146 -237—

193 205 443 240 Fontisebraldi
469 209 572 248 collis,

191 255 280 295 Quae
305 255 391 287 hunc
418 256 503 289 diem
528 257 655 298 recolis,

192 302 266 335 Jam
293 311 364 336 cum
391 305 606 338 coenobicolis

238 351 365 392 Lauda,
391 353 522 394 plaude,
549 353 714 396 praedica.

191 408 227 442 Si
253 409 380 450 quaeris
402 411 569 452 miracula,

191 457 328 490 Generis
353 458 538 501 pinnacula,

192 505 303 546 Gesta,
331 515 447 546 mores,
475 507 602 549 singula

239 554 321 586 visu
344 556 462 587 mentis
485 557 612 596 aspice,

190 611 329 654 Flagrat
353 610 413 645 flos
437 613 594 647 infantiae

189 659 278 692 Rore
303 661 490 701 pudicitiae,

189 707 335 741 Fervens
361 712 428 741 stat
451 709 485 741 in
511 708 581 742 acie

235 756 296 788 Vir
319 759 436 796 potens
461 757 495 789 in
520 756 655 798 proelio.

192 812 296 853 Cibat,
323 823 344 846 a
368 823 430 854 quo
450 815 607 856 pascitur,

185 862 335 894 Invitans
361 862 547 906 suscipitur,

185 909 280 943 Omni
308 910 399 942 danti
422 911 572 952 largitur,

237 958 371 992 Cunctis
398 959 502 991 claret
526 959 640 991 titulis.

183 1015 313 1048 Nedum
339 1018 406 1048 stat
429 1016 465 1048 in
488 1017 601 1048 limine

186 1063 292 1103 Jews,
320 1064 436 1096 ambae
461 1063 600 1097 feminae

185 1112 225 1144 In
249 1111 327 1144 fidei
352 1112 474 1144 lumine

231 1160 357 1192 Ferunt
382 1169 463 1193 voce
488 1160 622 1193 humili:

183 1218 282 1251 Hune
307 1217 430 1250 orbatis
455 1218 599 1259 vocibus,

181 1266 366 1299 Alternatis
391 1266 527 1307 vicibus,

181 1313 344 1355 Repetitis
369 1314 521 1355 precibus

227 1363 383 1395 Flectunt
408 1361 631 1395 inflexibilem.

180 1420 307 1453 Exorat
332 1420 375 1452 ad
401 1421 557 1453 tumulum

178 1468 315 1501 Solvens
341 1469 456 1501 mortis
482 1468 659 1510 vinculum,

179 1516 305 1550 Clamat
328 1517 416 1549 vitae
440 1518 614 1558 pabulum:

224 1564 307 1598 Veni
331 1564 431 1606 foras,
459 1565 600 1598 Lazare!

808 207 871 242 ab.
893 208 991 240 Hunc
1012 208 1130 249 regalis
1157 207 1278 240 sobolis

805 410 864 445 312.

802 610 863 645 4b.

801 812 861 847 5b.

800 1015 859 1049 eb.

799 1217 856 1250 71).

795 1419 854 1453 8b.

890 257 1075 297 Principem
1102 255 1204 291 Jebus
1230 256 1326 297 polis,

890 305 990 345 Quem
1014 315 1074 346 pro
1100 307 1238 346 patrono
1265 304 1356 345 colis,

937 353 1012 386 Tibi
1034 354 1108 394 jure
1132 353 1279 387 vendica.

886 410 952 443 Hic
974 411 1026 443 vir
1051 412 1121 443 sine
1145 411 1272 443 macula

887 459 1034 492 Terrena
1058 459 1188 500 piacula

888 507 927 539 In
953 510 1086 540 aeterna
1111 507 1240 539 saecula

936 555 1132 588 Transvehit
1155 554 1301 589 mirifice.

890 612 1043 645 Hilarata
1068 612 1153 646 facie

885 659 1024 694 Deditos
1050 661 1232 694 moestitiae

887 707 1007 741 Statuit
1033 709 1179 742 laetitiae

932 756 1045 789 Factis
1073 762 1106 790 et,
1131 757 1267 798 eloquio.

883 813 969 846 Dum
994 815 1150 856 languore
1173 816 1302 856 teritur,

885 862 963 894 Pius
989 863 1108 904 hospes
1135 863 1312 904 quaeritur,

885 909 1031 952 Distulit,
1059 911 1118 944 sed
1144 909 1287 943 flectitur

934 958 1088 992 Sororum
1114 959 1265 994 oraculiS.

885 1015 922 1048 Si
946 1015 1073 1049 fuisses.
1103 1016 1253 1059 Domine,

884 1063 959 1096 Non
984 1066 1097 1098 mortis
1125 1065 1271 1097 examine

882 1112 1002 1145 Frater
1027 1114 1086 1146 sub
1112 1113 1271 1145 velamine

934 1160 1148 1194 Clauderetur
1171 1161 1281 1202 sigilli.

884 1218 950 1251 Ora
974 1219 1060 1259 rigat
1087 1217 1229 1260 fletibus,

879 1264 1007 1298 Fremit
1032 1276 1088 1299 cor
1113 1266 1319 1310 singultibuS,

879 1313 957 1354 Ubi,
985 1315 1032 1346 ait
1056 1314 1228 1355 stantibus,

928 1362 1087 1394 Posuistis
1112 1360 1284 1395 flebilem?

878 1420 902 1452 O
930 1424 1115 1453 sanctorum
1142 1421 1321 1462 speculum,

880 1468 904 1501 O
932 1468 1046 1500 salutis
1071 1469 1235 1510 poculum,

877 1515 947 1548 Fac
970 1526 1029 1549 nos
1055 1519 1132 1558 post
1156 1517 1219 1549 hoc
1243 1519 1413 1551 saeculum

927 1564 1022 1598 Celsa
1048 1566 1129 1599 coeli
1155 1566 1323 1599 scandere.

165 1651 252 1680 Miss.
272 1650 527 1680 Fonteb1·aldense
546 1652 617 1687 imp.
639 1651 766 1679 Parisiis
792 1647 875 1680 1534.
897 1667 935 1671 -—
956 1648 982 1687 3,
1004 1650 1025 1680 4
1044 1652 1132 1681 Justo
1153 1653 1263 1680 mentis
1287 1653 1382 1689 apice.

506 1782 570 1815 314.
611 1782 655 1814 De
675 1784 785 1816 sancto
805 1782 1012 1824 Leodegario.

171 1864 211 1896 111
235 1862 432 1905 Leodegarii

221 1911 386 1946 Praesulis
411 1911 586 1953 praeconio

171 1960 356 1994 Provocant
382 1969 418 1993 sc
443 1959 504 1994 filii

220 2009 373 2043 Caritatis
399 2010 519 2045 studio.

169 2069 208 2102 In
234 2069 320 2100 hunc
344 2067 468 2109 ,Ioseph
493 2069 612 2101 iterum

214 2118 304 2151 Fera
328 2115 448 2149 fratres
474 2118 600 2158 incitat,

162 2166 328 2199 Ebroinus
354 2166 492 2198 alterum

214 2215 266 2248 De
286 2223 322 2246 se
348 2215 468 2249 Judam
494 2213 638 2247 suscitat.

163 2273 261 2307 Foris
287 2273 345 2306 lux
372 2272 533 2315 effoditur,

211 2323 277 2356 Sed
303 2323 359 2355 lux
385 2323 473 2355 intus
499 2321 618 2363 radiat,

163 2371 242 2405 Sine
266 2372 379 2413 lingua
403 2372 548 2413 loquitur

210 2422 255 2455 Et
282 2419 394 2454 futura
418 2423 558 2456 nuntiat.

788 1865 851 1898 lb.

786 2068 847 2102 ab.

874 1864 974 1905 Regis
998 1865 1033 1896 in
1058 1863 1209 1897 Lotharii

921 1913 1047 1946 Claruit
1072 1912 1206 1954 palatio,

878 1960 943 1994 Sed
971 1965 1003 1993 et
1027 1959 1186 2002 pontificii

921 2009 1051 2042 Floruit
1074 2008 1193 2044 officio.

874 2068 1036 2109 Exemplo
1065 2068 1225 2102 dominico

918 2118 1036 2151 Pastor
1062 2118 1119 2151 dat
1144 2126 1204 2157 pro
1231 2117 1345 2151 ovibus

868 2166 968 2199 Hosti
992 2175 1028 2198 se
1055 2166 1246 2208 domestico,

918 2214 1047 2248 Gladiis
1073 2219 1106 2247 et
1129 2213 1282 2249 fustibus.

786 2273 844 2309 3b,
867 2272 941 2306 Stat,
964 2274 1105 2307 invictus
1133 2272 1284 2314 pontifex

922 2322 993 2355 Nec
1017 2322 1202 2355 succumbit
1226 2323 1346 2366 gladio,

870 2371 983 2404 Victus
1013 2373 1103 2405 cadit
1130 2371 1276 2405 carnifex

917 2421 1077 2456 Traditus
1102 2421 1265 2455 incendio.
