1652 2678
694 97 960 134 —119—

161 192 218 226 4a.
246 191 394 225 Tandem
419 192 614 236 crurifragio
860 196 920 231 4b.
943 196 1031 230 Coeli
1061 196 1181 237 gaudet
1205 196 1323 229 chorea

245 239 391 282 Expleto
415 243 573 284 martyrio
943 243 1017 277 Hoc
1041 244 1180 277 adaucta
1207 244 1340 286 collega,

291 289 347 322 Ad
375 290 457 323 coeli
482 289 614 333 fastigia
991 291 1103 325 Tellus
1124 293 1211 325 laeta
1232 292 1362 333 jubilat,

294 337 398 370 Felix'
417 339 506 372 volat
530 340 647 374 anima.
992 340 1078 373 Dum
1103 343 1228 382 martyr
1251 340 1421 382 tripudiat.

165 397 219 429 551.
248 394 336 428 Hinc
356 396 500 438 jubetur,
863 398 921 433 5b.
941 399 1029 440 Ignis
1057 398 1145 431 cedit

248 443 294 476 Ut
321 446 483 477 cremetur
946 446 1061 487 Neque
1085 446 1197 487 laedit,

297 491 423 532 Corpus
448 492 534 534 igne,
995 494 1061 528 Sed
1086 497 1119 526 et
1142 495 1233 527 venti

297 539 360 573 Sed
388 540 515 581 insigne
994 542 1187 575 Turbulenti

345 588 427 621 Mox
452 589 555 622 claret
577 590 790 623 miraculum:
1042 590 1143 624 Urbis
1167 594 1298 624 vertunt
1320 591 1457 625 moenia.

163 646 222 680 6a.
250 646 358 686 Hujus
384 646 489 679 laetus
862 647 921 682 6b.
945 648 984 680 In
1009 648 1060 681 his
1086 647 1179 681 festis

246 692 370 726 Noster
397 697 517 736 coetus,
945 695 1110 729 Monstret
1134 697 1243 738 gestis,

294 741 342 774 Ut
366 742 521 786 salvetur,
995 744 1095 783 Quem
1120 745 1267 786 honoret,

292 789 444 823 Imitetur
994 791 1041 824 Et
1066 795 1178 825 exoret

342 837 459 871 Rubea
483 839 630 880 vestigia.
1042 838 1123 880 Ejus
1149 839 1341 882 patrocinia,

164 896 219 928 Va.
247 895 405 937 Adriane,
433 900 559 936 martyr
584 896 715 937 Christi,
863 897 922 932 7b.
946 897 1109 931 Christum
1138 906 1247 939 regem
1271 896 1365 930 nobis
1389 898 1495 937 placa,

245 943 320 977 Hoc
345 944 442 977 inane
469 945 703 986 contempsisti,
945 946 1013 978 Tuo
1040 947 1130 987 gregi
1155 954 1283 986 semper
1307 953 1400 986 paca,

296 993 386 1025 Tuae
411 1001 522 1026 servos
549 993 706 1025 ecclesiae
993 994 1083 1027 Tuae
1115 996 1221 1026 custos
1248 993 1403 1026 ecclesiae

296 1040 404 1081 Irriga
429 1050 503 1073 rore
528 1042 662 1082 gratiae.
994 1041 1045 1074 Sis
1072 1044 1104 1073 et
1127 1042 1264 1082 largitor
1284 1041 1407 1074 veniae.

164 1098 221 1130 8a.
249 1097 411 1139 Adriane,
436 1100 532 1138 pater
558 1107 644 1139 care,
863 1098 923 1133 8b.
946 1100 992 1134 Ut
1017 1098 1089 1132 fons
1114 1100 1172 1131 ille
1195 1099 1338 1140 pietatis,

247 1145 446 1186 Deprecare,
472 1149 510 1178 ut
533 1146 597 1179 hoc
619 1155 711 1180 mare
946 1148 1008 1188 Qui
1031 1150 1066 1180 te
1088 1148 1172 1180 lavit
1195 1156 1216 1178 a
1237 1147 1392 1189 peccatis,

298 1195 496 1235 Impugnare
996 1195 1105 1228 Donet
1129 1196 1248 1228 laetam

295 1243 378 1276 Tam
404 1251 514 1275 amare
995 1243 1043 1275 Et
1069 1243 1210 1283 quietam

347 1291 420 1324 Jam
447 1292 552 1323 cesset
577 1290 765 1331 ecclesiam3
1046 1291 1140 1324 Pacis
1166 1290 1414 1332 temperantiam
1448 1315 1454 1321 .

581 1350 613 1382 9.
640 1348 713 1381 Hoc
740 1349 795 1380 det
821 1349 889 1388 ejus
915 1348 1030 1389 gratia,

639 1397 699 1436 Qui
729 1399 844 1438 regnat
868 1405 929 1437 per
952 1397 1091 1429 saecula.

160 1519 180 1548 S
200 1482 322 1549 betiss.
346 1481 561 1510 Cameracense
588 1484 658 1518 imp.
681 1483 810 1511 Parisiis
837 1479 920 1511 1542.
942 1498 978 1502 —
998 1482 1070 1511 Mel.
1099 1482 1263 1511 natiirlicli:
1291 1482 1379 1510 Man«,
1401 1484 1498 1519 prima

183 1528 201 1548 a
243 1529 262 1549 a
276 1530 294 1549 1.

610 1643 673 1676 155.
715 1642 761 1675 De
783 1644 894 1676 sancto
914 1642 1059 1681 Aegidio.

640 1725 671 1758 1.
701 1723 874 1758 Confessor
899 1723 972 1763 pius

700 1775 731 1805 et
757 1781 849 1806 sacer
873 1770 1043 1816 Aegidius,

161 1830 218 1863 2a.
247 1828 357 1862 Hodie
383 1837 535 1862 coronam
863 1830 924 1863 2b.
946 1829 1009 1862 Est
1030 1829 1245 1869 jucunditatis

245 1877 335 1911 vitae
359 1880 563 1918 consecutus,
947 1877 1033 1910 stola
1055 1877 1200 1910 indutus.

160 1937 218 1971 321.
243 1935 290 1969 Et
318 1944 405 1969 nunc
429 1936 627 1976 sempiterno
863 1936 921 1969 3b.
942 1935 1047 1968 Deum
1073 1944 1133 1976 pro
1162 1937 1284 1968 cunctis
1305 1936 1387 1970 vivis

248 1985 393 2026 gaudens
416 1985 451 2017 in
477 1993 586 2026 regno,
946 1987 1044 2025 atque
1072 1982 1235 2017 defunctis

246 2042 308 2074 quo
333 2042 398 2065 non
422 2033 526 2066 intrat
549 2033 719 2074 malignus,
946 2032 1138 2073 interpellat
1161 2033 1330 2074 benignus.

159 2092 218 2126 4a.
246 2090 302 2126 Sic
328 2090 388 2123 flos
411 2091 570 2125 Graeciae
862 2092 924 2126 41).
948 2091 1050 2124 Sanat
1076 2092 1242 2132 contritos,

244 2140 333 2181 parit
358 2139 516 2172 ecclesiae
947 2139 1045 2172 solvit
1071 2139 1283 2180 compeditos,

243 2187 387 2222 fructum
419 2189 562 2230 gratiae3
948 2188 1071 2229 rumpit
1095 2188 1245 2230 vincula3

244 2237 359 2278 Spirat
383 2237 513 2278 odores,
945 2238 1053 2277 Fugat
1081 2236 1265 2281 daemones,

243 2285 373 2328 mitigat
397 2286 582 2327 lang-nores,
947 2286 1067 2318 liberat
1090 2285 1248 2327 homines,

245 2336 304 2369 dat
327 2335 500 2376 medelam,
949 2336 1070 2367 mortes
1096 2335 1192 2374 pellit

242 2383 330 2418 tollit
356 2384 586 2424 corruptelam.
949 2387 1047 2425 atque
1071 2383 1227 2425 pericula,
