1652 2678
778 110 1046 146 —172—

241 211 299 244 9a.
324 211 495 244 Everarde
519 211 648 244 nobilis.
939 207 998 241 eb.
1023 207 1070 240 Ut
1096 213 1226 238 carmen
1252 203 1419 237 assiduum

323 260 482 293 Patronus
506 259 681 291 immobilis
1024 255 1091 287 Hic
1114 256 1146 285 et
1168 253 1204 285 in
1228 253 1424 292 perpetuum

371 308 492 340 Nostro
518 308 563 339 sis
590 307 736 348 collegio,
1071 302 1188 335 Cantet
1213 308 1284 332 cum
1310 298 1466 339 tripudio.

314 392 400 421 Mis-s.
421 401 475 420 ms.
498 392 674 419 Cisoniense
694 398 772 417 saec.
795 387 838 416 16.
862 388 933 416 Cod.
954 388 1103 415 Insulens.
1125 384 1171 415 37.

697 520 766 552 225.
812 520 855 550 Dc
876 520 986 551 sancto
1008 518 1121 550 Felice.

266 604 321 636 la.
351 603 493 635 Solemni
519 601 636 642 gaudio
966 598 1024 633 ib.
1051 599 1173 632 Christi
1198 597 1373 638 praeconia

348 650 448 683 Sonet
471 650 506 682 in
526 649 631 690 ‚iubilo
1048 647 1147 680 Dulci
1175 646 1346 679 harmonia

393 698 502 731 Mater
529 697 666 730 ecclesia
1097 695 1174 728 Sine
1199 694 1359 727 molestia.

262 758 319 789 2a.
347 756 523 789 Exsultent
547 755 647 787 hodie
964 753 1023 786 2b.
1047 755 1148 794 Quem
1175 752 1297 785 Christi
1324 752 1463 784 dextera

347 804 505 837 Catervae
531 804 672 835 coelicae
1050 802 1150 835 Vexit
1171 801 1214 833 ad
1240 801 1376 833 aethera

393 851 515 884 Felicis
542 852 656 894 gloria,
1099 849 1231 882 Summa
1254 848 1405 881 victoria.

262 911 318 943 3a.
345 910 489 942 Mundus
517 910 730 950 congaudeat,
966 907 1027 942 3b.
1051 908 1149 948 Cujus
1175 907 1334 939 solemnia

345 958 427 999 EJ‘us
453 961 490 991 ut
516 959 623 991 valeat
1050 956 1136 989 Colit
1161 955 1299 987 ecclesia

393 1007 509 1041 Juvari
533 1006 670 1046 meritis,
1096 1003 1266 1037 Laudibus
1294 1002 1423 1036 debitis..

262 1066 319 1098 4212
347 1064 432 1097 Nam
460 1065 565 1096 clarus
591 1072 710 1104 genere
962 1062 1023 1098 4b.
1047 1063 1146 1102 Cujus
1168 1061 1336 1102 J'uvamine

347 1114 410 1146 Pro
437 1112 560 1146 Christi
584 1112 715 1144 nomine
1047 1110 1162 1144 Veloci
1188 1110 1310 1150 remige

392 1161 592 1202 Relinquens
618 1161 770 1201 patriam,
1096 1159 1196 1191 Venit
1219 1157 1427 1199 Hispaniam.

262 1222 309 1252 5a
344 1220 571 1259 Barcinonam,
597 1219 779 1258 Impuricas
963 1217 1022 1250 5b.
1045 1217 1206 1250 Doctrina
1232 1225 1322 1256 GUJUS
1349 1224 1450 1248 aurea

392 1268 437 1300 Et
464 1267 648 1300 Gerundam
678 1267 819 1308 edocuit,
1095 1265 1194 1299 Plebs
1238 1265 1404 1299 Christum
1446 1264 1582 1296 credens

1348 1313 1458 1346 coluit.

261 1375 317 1407 621.
346 1374 469 1408 Christi
493 1374 587 1406 miles
615 1374 690 1406 dum
707 1374 879 1414 praedicat
962 1372 1024 1407 6b.
1048 1371 1184 1405 Rufinus
1213 1371 1344 1412 plebem
1368 1371 1487 1403 incitat

392 1422 563 1455 Trinitatis
588 1422 762 1463 magnalia,
1095 1421 1152 1454 Ad
1179 1421 1372 1453 daemonum
1398 1420 1543 1452 servitia.

262 1481 319 1513 7a.
345 1480 433 1521 Ergo
459 1480 555 1512 Felix
575 1480 731 1520 plectitur
963 1479 1022 1512 71).
1047 1479 1148 1519 Quem
1175 1479 1324 1513 Christus
1349 1478 1558 1519 amplectitur

392 1528 535 1561 Vincens
560 1537 685 1569 poenae
704 1530 875 1569 cumulum,
1095 1528 1261 1561 Praebens
1287 1527 1375 1560 vitae
1400 1526 1566 1567 pabulum.

260 1587 317 1620 Sa.
345 1587 511 1628 Trahitur,
540 1587 738 1627 discerpitur
962 1585 1023 1620 8b.
1047 1586 1199 1627 Sanatur,
1227 1586 1366 1626 eripitur

389 1635 491 1667 Mulis
518 1635 746 1679 saevientibus,
1093 1635 1146 1668 Ex
1171 1634 1308 1667 marinis
1333 1632 1496 1667 fluctibus.

260 1693 317 1726 9a.
347 1693 477 1726 Gaudet
498 1692 604 1732 Felix,
632 1696 665 1725 et
689 1692 825 1725 Rufinus
961 1692 1019 1726 9b.
1043 1695 1119 1728 Jam
1152 1693 1187 1725 in
1215 1693 1314 1725 coelis
1337 1692 1438 1725 laude
1465 1692 1580 1733 dignus

392 1741 561 1774 Cruciatus
588 1742 751 1782 duplicat3
1096 1743 1214 1776 Coram
1242 1741 1373 1774 Christo
1400 1741 1523 1773 rutilat.

236 1800 280 1833 10
290 1808 319 1833 a.
346 1800 443 1834 Alme
469 1799 577 1843 Felix,
602 1803 730 1841 martyr
755 1800 876 1833 Christi
939 1800 1019 1834 10b.
1044 1801 1091 1834 Ut
1115 1804 1222 1833 tecum
1247 1800 1362 1833 laudes
1387 1799 1513 1832 numini

395 1848 483 1889 JeSU,
506 1858 567 1889 pro
593 1849 687 1881 nobis
713 1849 873 1891 supplica,
1094 1850 1321 1882 Persolvamus
1347 1849 1382 1880 in
1407 1848 1523 1889 gloria.

311 1934 396 1963 Miss.
418 1944 472 1962 ms.
494 1936 668 1963 biterrense
687 1944 765 1963 saec.
789 1934 834 1963 14.
860 1935 931 1963 Cod.
954 1934 983 1962 S.
1004 1935 1131 1972 Josephi
1150 1935 1345 1971 Lugdunens.
1365 1935 1392 1962 Y
1412 1935 1441 1962 d.
1463 1933 1491 1963 5.

614 2067 681 2098 226.
726 2067 769 2098 De
790 2074 831 2097 ss.
851 2066 985 2097 Fereolo
1006 2067 1040 2097 et
1058 2065 1200 2098 Ferutio.

235 2147 293 2180 la.
319 2147 524 2188 Triumphali
549 2148 684 2179 vestitos
710 2147 814 2187 gloria
937 2145 996 2179 ib.
1020 2147 1220 2178 Veneremur
1236 2156 1353 2179 vocum
1379 2149 1566 2191 concordia,

365 2197 500 2228 Fratres
526 2195 757 2228 invictissimos
1069 2195 1141 2226 Vox
1165 2194 1284 2227 invitet
1308 2197 1444 2231 animos,

235 2254 295 2285 2a.
319 2253 416 2285 Felix
440 2254 521 2286 haec
547 2252 747 2293 fraternitas,
935 2251 995 2284 2b.
1019 2252 1115 2284 Alter
1140 2253 1334 2294 sacerdotio,

320 2301 422 2340 Quam
448 2302 588 2342 glutinat
612 2301 780 2340 sanctitas,
1017 2301 1113 2332 Alter
1138 2299 1286 2333 diaconio

315 2350 488 2381 Fereolum
515 2350 633 2381 caritas
1019 2347 1139 2381 Functi
1163 2348 1285 2381 cadunt
1309 2350 1419 2389 gladio

365 2398 511 2431 Ferutio.
1069 2395 1134 2428 Sub
1163 2395 1311 2429 Claudio.
