1652 2678
746 73 1013 110 —186-

215 172 297 206 122.
323 173 471 206 Sti-amen
497 174 602 214 aegris
629 174 813 214 oppositum
911 172 997 205 12b.
1018 170 1050 202 A
1074 168 1198 201 tumulo
1224 167 1398 200 suscitatus

322 221 464 254 Salutem
494 223 551 255 dat
574 222 778 262 suppositum
1017 217 1116 250 Hunc
1142 214 1314 247 defunctus
1340 216 1391 247 est
1414 214 1532 247 affatus

371 269 535 304 Praesulis
565 270 599 301 in
623 269 753 310 lectulo,
1066 264 1181 297 Stante
1204 263 1337 304 praesul
1361 263 1494 303 populo.

215 337 295 371 133.
321 336 432 369 Plebis
456 339 585 369 resecat
608 344 735 368 errores
910 333 994 366 131).
1014 331 1178 364 Invitatus
1203 331 1247 363 ad
1270 330 1443 362 transitum

321 384 495 418 Daemonis
522 384 612 423 cujus
637 385 780 414 terrores
1019 379 1093 411 Suis
1120 378 1246 411 detexit
1269 378 1391 410 obitum

367 433 539 465 Recedunt
561 429 691 464 intuitu.
1067 427 1186 460 Sancto
1211 427 1327 467 plenus
1353 426 1481 467 spiritu.

213 501 295 533 1421.
322 499 388 531 Sub
415 497 535 530 feretro
563 498 639 530 dum
665 495 824 528 recumbit
910 495 993 528 14b.
1017 494 1210 527 Consolatur
1233 493 1287 526 hic
1311 495 1452 536 egentes,

318 546 464 586 Femina,
491 547 622 578 sanctus
647 543 794 576 retundit
1021 542 1223 584 Suffragatur
1247 541 1465 583 vehementes,

317 594 499 634 Paralysim
526 595 559 625 et
582 592 730 625 refundit
1017 591 1162 624 Moestos
1189 589 1292 623 efficit
1316 590 1495 631 gaudentes

368 641 522 681 Corporis
547 641 730 674 sanitatem.
1066 639 1131 672 Per
1156 639 1206 671 sui
1231 639 1427 680 largitatem,

210 712 294 743 152.
321 708 403 742 Orbi
426 709 550 751 vident,
576 707 658 741 muti
682 706 804 747 fantur,
909 707 994 742 15¹0.
1016 707 1154 739 Praesul
1177 709 1325 739 sanctam
1340 708 1439 740 morti
1457 709 1553 741 datus

318 756 450 790 claudis
476 765 604 798 gressus
630 756 823 795 solidantur,
1017 755 1169 788 Vercillis
1194 756 1301 788 aulam
1328 756 1458 790 dotatus

319 805 435 838 Surdis
458 814 554 838 aures
579 807 778 844 reserantur,
1016 805 1152 845 Angelis
1177 804 1259 836 lucis
1286 804 1438 847 vallatuS,

368 853 507 887 Cunctos
533 862 596 893 ope
620 853 744 886 ditavit.
1066 852 1202 885 Pactum
1228 861 1365 893 sequens
1393 853 1525 888 dicavit.

208 922 252 955 16
262 930 290 954 a.
317 921 410 963 Veni,
436 924 532 962 pater
557 930 575 953 o
603 920 773 960 Germane,
909 919 994 954 16b.
1020 918 1250 962 Supplicanus,
1277 924 1391 961 pastor
1415 921 1510 964 bone,

318 969 454 1002 Adsiste
478 978 614 1010 seroque
638 977 742 1010 mane,
1016 967 1116 1000 Hosti
1139 977 1200 1008 pro
1225 968 1319 1002 nobis
1346 979 1476 1010 oppone

319 1017 551 1051 Condescende
575 1026 661 1050 nunc
686 1019 719 1049 et,
742 1025 847 1057 mane,
1017 1016 1074 1056 Te,
1102 1026 1252 1057 rogamus
1279 1026 1297 1050 ο
1322 1021 1471 1059 patrone,

315 1066 369 1098 Da
392 1066 529 1099 servulis
554 1065 637 1099 illud
661 1075 767 1107 mane,
1018 1064 1105 1098 Offer
1129 1074 1244 1106 preces
1270 1066 1304 1098 in
1329 1076 1433 1108 agone

365 1114 457 1154 Quod
475 1124 539 1148 non
556 1114 657 1146 habet
668 1123 849 1155 vesperum.
1069 1113 1239 1147 Conditori
1264 1114 1419 1149 siderum.

284 1200 369 1228 Misi.
389 1208 445 1228 ms.
465 1200 650 1228 Ebroieense
669 1207 747 1227 saec.
772 1196 817 1226 15.
838 1198 911 1226 Cod.
930 1198 1109 1227 Ebroieens.
1129 1197 1179 1228 99.
1205 1215 1244 1220 —
1271 1198 1344 1236 1510,
1365 1199 1385 1228 2
1403 1201 1554 1230 Versellis

207 1239 264 1266 Hs·
289 1238 349 1274 vgl.
370 1239 446 1266 Acta
466 1238 519 1266 SS.
540 1238 619 1266 Julii
638 1238 722 1272 vm,
745 1235 801 1264 271
824 1246 852 1264 11.
874 1238 893 1265 f.

566 1380 634 1411 246.
674 1380 720 1411 De
741 1388 781 1411 ss.
804 1378 953 1411 Gervasio
977 1380 1010 1411 et
1029 1379 1186 1412 Protasio.

209 1461 266 1494 ia.
293 1459 508 1493 Laetabuncla
535 1470 596 1493 vox
622 1464 780 1502 erumpat,
907 1459 967 1495 ib.
991 1462 1045 1494 Ex
1071 1471 1133 1503 quo
1158 1467 1297 1496 mortem
1322 1467 1478 1505 operatur

290 1507 407 1541 Fortes
416 1511 547 1542 nostrae
557 1518 639 1550 quae
649 1509 844 1551 disrumpat3
990 1510 1114 1543 Luctus
1144 1513 1258 1545 mundi
1285 1513 1453 1546 derivatur

339 1556 451 1590 Nexus
478 1558 702 1597 conscientiae,
1038 1559 1078 1592 In
1102 1569 1181 1593 sono
1207 1561 1364 1596 laetitiae.

207 1625 262 1657 23.
290 1624 394 1657 Veros
420 1627 520 1657 testes
546 1634 706 1666 reverere,
906 1625 965 1660 2b.
991 1627 1120 1661 Christo
1146 1629 1216 1669 regi
1240 1629 1430 1673 militantes,

288 1671 398 1705 Morte
422 1673 477 1713 qui
501 1673 698 1714 perhibuere
989 1676 1075 1715 Quos
1101 1678 1231 1717 excepit
1261 1678 1501 1720 triumphantes

339 1720 468 1754 Christo
493 1722 723 1764 testimonium,
1038 1725 1184 1767 Regnum
1212 1727 1494 1768 triumphantium.

204 1789 261 1821 3a.
287 1787 481 1829 Duplicetur
505 1792 611 1822 motus
637 1791 764 1833 mentis,
904 1792 963 1826 3b.
986 1793 1172 1835 Martyrum
1200 1794 1352 1828 Gervasii

285 1836 461 1870 Doleamus
488 1839 529 1871 de
553 1840 723 1872 tormentis
988 1841 1091 1874 Simul
1119 1847 1153 1876 et
1176 1843 1320 1876 Protasii

333 1885 428 1919 Laeti
454 1887 495 1919 de
517 1886 665 1929 victoria,
1037 1890 1189 1924 Colentes
1215 1893 1386 1928 solemnia,

201 1954 262 1986 421.
287 1952 358 1985 Hos
385 1955 426 1987 (le
450 1954 512 1987 Dei
537 1956 644 1996 gratia
902 1957 964 1990 4b.
985 1957 1046 1997 Qui
1071 1967 1168 1998 pares
1193 1959 1385 1998 parentibus

286 2001 415 2043 Vitalis‚
442 2003 576 2036 Valeria
988 2007 1113 2046 Sponte
1138 2015 1211 2038 cum
1235 2009 1438 2049 martyribus

332 2050 405 2084 Duo
432 2051 527 2084 simul
551 2055 737 2093 procreant,
1036 2054 1189 2094 Pereunt,
1217 2064 1259 2087 ne
1283 2061 1431 2096 perc-ant.

199 2118 257 2151 5a.
286 2117 333 2150 Ut
356 2118 609 2152 haereditarium
902 2120 960 2154 5b.
985 2120 1028 2153 Se
1052 2119 1204 2153 furantur
1228 2125 1370 2166 saeculo,

282 2165 394 2199 Mores
421 2171 455 2200 et
477 2169 670 2208 martyrium
986 2168 1132 2208 Quodam
1159 2168 1194 2202 in
1218 2175 1391 2207 coenaculo

329 2213 459 2247 Ducunt
485 2226 506 2249 a
529 2216 731 2258 parentibus,
1035 2217 1163 2249 Vacant
1186 2218 1395 2257 lectionibus.

199 2282 255 2314 6a.
283 2280 404 2314 Decem
430 2283 522 2316 annis
550 2284 671 2325 degunt
694 2284 751 2325 ita,
900 2284 959 2319 6b.
983 2286 1063 2318 Post
1087 2284 1170 2316 haec
1194 2290 1298 2319 semet
1322 2288 1523 2331 abnegantes

280 2328 344 2362 His
370 2332 420 2363 est
445 2330 592 2364 Christus
619 2333 720 2373 cibuS,
746 2332 815 2366 vita
987 2333 1053 2366 Sed
1080 2336 1112 2365 et
1141 2342 1270 2367 crucem
1296 2335 1461 2371 elevantes

330 2377 413 2419 Lux,
442 2380 617 2421 exemplar,
643 2381 762 2422 lectio;
1034 2381 1195 2414 Arrident
1218 2385 1386 2423 martyrio.
