1652 2678
682 96 944 134 -275—

156 195 218 228 Va.
244 194 308 228 Job
333 195 473 236 simplex
498 199 531 228 et
555 199 675 240 rectus,
860 197 919 232 71).
942 195 1010 230 Nos
1036 195 1100 228 tuis
1126 195 1276 236 precibus

242 242 400 277 Abrahae
424 244 538 277 similis
944 243 1132 277 commenda
1157 244 1295 277 Domino

245 291 360 325 obedis
943 293 1117 333 supplices,

244 343 277 372 te
302 339 440 373 offerens
464 341 498 374 in
524 342 634 382 corde,
943 341 1081 374 ecclesia
1104 349 1163 381 pro
1189 343 1302 373 sancta

244 389 340 422 Isaac
366 389 542 422 consocius.
943 389 1119 423 advocatus
1146 388 1294 430 coelicus,

605 438 636 471 8.
664 438 690 471 O
713 440 826 470 sancte
848 437 921 479 Dei,

665 485 812 527 Nimiae,
837 494 897 518 nos
921 486 1058 520 custodi.

237 546 322 574 Miss.
352 554 406 574 ms.
428 546 457 574 S.
479 546 614 575 Floriani
633 547 682 575 ΙΠ
705 544 763 574 208
788 555 866 575 saec.
894 545 938 574 12.
959 546 997 574 A.
1019 562 1056 566 —
1075 547 1160 575 Miss.
1188 556 1242 575 ms.
1264 548 1499 577 sanblasianum

155 592 238 612 saec.
262 582 307 613 13.
330 584 401 613 Cod.
422 585 519 614 Palat.
533 586 758 614 Vindobonens.
782 583 856 614 1909
878 586 912 613 B.
928 601 968 606 —-
981 585 1070 614 (ἔτι-ἃᾶ.
1093 595 1129 613 τηε
1161 586 1257 614 Palat.
1271 586 1495 614 Vindobonens.

160 620 246 651 1334.
272 631 349 652 saec.
375 621 420 652 11.
447 623 514 652 add.
540 632 617 652 saect
645 622 690 652 13.
718 622 749 651 0.
770 640 809 645 —
839 623 911 652 Cod.
936 624 1033 653 Palat.
1063 622 1285 653 Vinclobonens.
1319 622 1392 653 1885
1421 632 1498 652 saec.

161 659 206 689 12.
229 663 266 690 D.
288 677 326 681 -—
346 663 431 690 Miss.
452 672 506 691 ms.
522 662 870 699 Claustroneoburgense
889 661 926 690 71
948 671 1024 691 saec.
1049 660 1092 691 14.
1113 663 1149 691 E.
1169 679 1210 683 ——
1228 663 1313 692 Miss-
1334 672 1388 691 ms.
1404 662 1498 690 Vora-

154 701 263 729 viense
288 698 335 729 37.
364 708 441 730 saec.
469 699 514 729 12.
546 701 579 729 F.
600 716 640 721 -—-
659 701 744 729 Miss.
769 710 825 729 ms.
846 701 1020 730 Andecense
1045 710 1123 730 saec.
1155 700 1199 730 15.
1222 702 1304 730 Cbm.
1325 703 1496 730 Monacens.

155 736 275 767 24002.
294 740 328 768 Gr.
350 755 390 760 —-
413 739 499 768 MeL:
520 739 765 775 Symphonia.
789 755 826 759 —
849 738 900 775 la,
921 738 939 768 3
959 740 1102 769 honorem
1124 741 1182 769 BC.
1206 755 1242 760 —
1265 739 1316 775 11),
1338 739 1355 769 5
1376 739 1501 768 rutilent

158 777 194 805 B.
216 793 253 797 ——
274 775 333 812 21),
365 777 379 806 1
408 778 504 806 Nicea
521 778 557 805 A.
579 791 617 797 —
638 776 695 812 21)7
723 775 740 806 6
769 779 801 806 in
828 786 886 816 quo
914 781 1050 807 sanctum
1069 779 1110 813 B;
1132 781 1251 807 sanctus
1274 781 1310 807 D.
1334 796 1370 800 —
1390 777 1449 812 Sa,
1478 777 1499 807 4

154 816 295 845 validum
314 818 349 844 A.
371 831 408 836 -
429 814 482 851 4b‚
504 816 522 844 7
545 816 664 845 Christo
686 817 721 845 A.

608 900 697 934 364:
718 900 764 933 De
784 901 892 933 sancto
915 901 1052 934 Nicolao.

162 961 182 995 1
194 971 223 996 a.
250 962 365 995 Dulcis
391 963 473 995 odor
498 963 627 996 Nicolai
865 963 923 998 lb.
945 963 1055 1004 Major
1074 963 1178 995 virtus
1196 962 1271 995 huic
1286 971 1382 1004 quam
1398 964 1501 1003 aetas,

250 1010 345 1051 Cogit
369 1020 480 1044 omnes
506 1011 548 1044 ad
575 1021 610 1044 se
633 1011 720 1044 trahi
945 1011 1030 1044 Nam
1056 1012 1171 1044 aetatis
1198 1011 1317 1044 transit
1340 1013 1442 1043 metas

293 1058 390 1092 Salus
414 1062 532 1101 ἐπιθῇ-15,
993 1059 1165 1092 Feriarum

344 1107 445 1149 lapsis
470 1109 679 1149 praesidium.
1042 1117 1176 1140 servans
1197 1108 1367 1148 jejunium.

159 1165 220 1198 2a.
246 1166 338 1198 Auro
363 1169 475 1198 servat
499 1166 683 1198 castitatem
862 1165 922 1198 21).
944 1167 985 1199 In
1011 1164 1172 1198 frumento
1197 1165 1268 1197 lans
1294 1165 1467 1206 augmenti,

246 1213 290 1246 Et
318 1214 522 1247 commendat
545 1213 725 1247 trinitatem
946 1213 1095 1248 Clamant
1107 1217 1235 1253 nautae,
1255 1216 1384 1245 cessant
1400 1213 1500 1253 venti,

294 1261 398 1296 Facta
421 1262 526 1295 tribus
992 1261 1058 1294 Vas
1083 1261 1235 1294 redditur

343 1311 431 1343 trina
456 1311 598 1344 collatio.
1045 1310 1132 1350 patri
1159 1318 1231 1342 cum
1253 1308 1331 1341 filio.

158 1363 220 1397 3a.
249 1364 374 1408 Castus,
402 1364 547 1404 prudens
575 1367 608 1396 et
624 1363 792 1405 benignus,
861 1363 920 1397 3b.
947 1362 1140 1403 Corporales
1166 1361 1296 1394 morbos
1320 1365 1414 1393 sanat

245 1412 409 1445 Pastorali
434 1411 538 1453 gradu
566 1413 681 1454 dignus
944 1411 1077 1452 Liquor‚
1093 1411 1146 1451 qui
1163 1411 1203 1444 de
1215 1409 1369 1442 membris
1381 1412 1502 1454 manat,

293 1460 382 1493 Voce
404 1460 499 1502 lapsa
993 1459 1096 1491 Prece
1119 1459 1175 1499 pia

342 1508 499 1550 probatur
526 1510 671 1543 coelitus.
1042 1511 1176 1541 sanatur
1201 1507 1348 1547 spiritus,

157 1562 218 1596 4a.
247 1562 472 1596 Commendati
496 1571 557 1604 pro
582 1565 700 1596 natura
862 1562 921 1595 4b.
944 1562 1053 1595 Reddi
1080 1561 1166 1602 cogit
1189 1560 1389 1602 theloneum,

245 1610 449 1651 Flagellatur
472 1612 506 1643 in
532 1611 671 1651 pictura,
945 1610 1099 1644 Sanctum
1123 1608 1238 1642 laudat
1263 1608 1368 1640 credit
1382 1608 1498 1645 Deum,

295 1659 427 1692 Iconiae
994 1659 1025 1690 A
1050 1667 1177 1699 pagano

344 1716 461 1748 passae
484 1708 688 1748 compatitur,
1044 1706 1199 1746 templum
1227 1704 1434 1737 construitur.

162 1760 221 1795 5a.
250 1760 338 1794 Civis
364 1760 506 1802 quidam,
535 1761 585 1793 cui
610 1761 755 1795 Judaeus
864 1759 924 1794 5b.
947 1759 1129 1793 suscitatur
1154 1757 1337 1798 suffocatus

247 1810 373 1842 Aurum
400 1809 515 1851 credit,
543 1807 669 1842 fraudis
694 1819 768 1843 reus
947 1807 1070 1841 Videns
1097 1807 1203 1839 credit
1226 1810 1258 1839 et
1282 1809 1414 1839 renatus

297 1857 505 1899 Comperitur
994 1856 1175 1897 Insignitur

346 1904 513 1940 confracto
540 1906 664 1939 baculo,
1047 1904 1166 1939 Christi
1191 1903 1366 1944 signaculo.

159 1960 222 1995 6a.
248 1961 372 2003 Magna
394 1960 500 1993 virtus
524 1960 613 1993 servi
634 1959 708 2002 Dei,
865 1958 926 1994 61).
949 1958 1118 1992 Imitemur
1143 1960 1175 1989 et
1200 1966 1258 1989 nos
1285 1957 1326 1997 ei,

246 2008 336 2042 Mira
359 2008 442 2043 fides
469 2012 502 2042 et
526 2008 656 2051 Judaei‚
949 2008 1050 2040 Porta
1075 2006 1171 2051 vitae,
1198 2009 1311 2047 portus
1338 2006 1409 2046 spei

295 2058 357 2098 Qui
383 2060 586 2099 contemptus
995 2055 1156 2089 Militanti

345 2105 408 2140 fuit
433 2107 496 2140 hoc
525 2106 649 2140 obside.
1046 2103 1105 2137 sub
1132 2107 1222 2136 tanto
1253 2103 1414 2144 praeside.

240 2168 352 2238 H356mn.
374 2172 404 2198 et
422 2169 542 2198 Prosar.
563 2178 617 2197 ms.
639 2168 669 2197 S.
690 2167 876 2206 Aldegundjs
895 2166 1082 2196 Malbodens.
1104 2174 1181 2194 saec.
1205 2163 1249 2194 13.
1272 2165 1344 2194 Cod.
1369 2165 1507 2194 Camera-

157 2217 240 2238 cens.
303 2229 309 2236 .

612 2252 679 2286 365.
720 2253 766 2285 De
786 2252 897 2285 saneto
918 2251 1054 2284 Nicolao.

160 2320 219 2355 la.
246 2320 342 2353 Nitet
368 2318 474 2352 carnis
499 2316 671 2360 munditia,
866 2315 927 2349 11).
953 2316 992 2348 In
1019 2314 1145 2354 oleique
1171 2313 1265 2354 copia

244 2368 339 2411 Quod
364 2367 510 2402 ostendit
534 2364 709 2408 flagrantia
949 2363 1091 2397 Miratur
1117 2362 1318 2395 abundantia

293 2418 403 2452 Mil-ae
427 2416 611 2458 suavitatis,
999 2411 1131 2445 Effusae
1156 2411 1329 2453 larg-itatis.

1265 2466 1327 2498 18*
