1652 2678
177 187 233 221 7a.
261 186 328 220 Sed
351 187 407 228 qui
430 190 496 221 vim
523 188 615 221 dedit
638 191 783 230 naturae,
878 187 938 222 7b.
960 187 1182 228 Dispositione
1209 186 1263 219 dia

259 235 355 268 Hanc
380 245 458 269 suae
481 236 611 270 virtutis
634 238 709 278 jure
960 235 1045 277 Tibi,
1072 235 1214 276 genitrix
1237 233 1356 273 Maria,

307 284 484 318 Immutare
511 286 628 327 potuit,
1006 284 1118 317 Virtus
1143 283 1225 315 haec
1247 282 1397 315 innotuit.

173 343 233 376 aa.
259 342 334 386 Eja‚
361 346 476 383 mater,
505 345 540 375 te
566 343 718 383 colentes,
875 342 937 377 gb.
957 342 1010 375 Ne
1032 350 1092 375 nos
1116 342 1219 374 hostis
1246 340 1404 373 castitatis

260 390 330 424 Piis
355 391 439 423 votis
464 395 498 424 te
522 394 694 431 poscentes
959 391 1084 424 Trahat
1108 390 1151 423 ad
1176 399 1211 422 se
1236 398 1308 422 cum
1335 388 1507 431 damnatis,

308 438 368 472 Pio
394 440 487 473 vultu
510 440 656 480 respice3
1009 440 1107 474 Casta
1130 441 1243 480 mater,
1270 437 1432 478 prospice.

254 525 327 554 (jod.
348 525 379 554 S.
399 526 536 554 Floriani
554 526 609 554 XI.
632 523 697 555 130.
718 533 796 553 saec.
818 524 865 554 15.

624 647 668 678 81.
711 646 747 678 111
767 645 945 678 Nativitate
964 646 1053 677 BMV.

173 720 231 754 la.
262 719 322 753 Coi
351 720 481 752 evotum
499 715 716 750 inflammetur
874 716 932 751 lb.
953 718 1040 751 Dum
1064 720 1178 758 oritur,
1204 717 1343 750 mundus
1369 717 1479 754 claret,

257 767 304 800 Et
328 767 445 800 devote
470 765 653 799 celebretur
955 765 1040 798 Nam
1064 765 1098 798 in
1123 769 1196 798 ortu
1218 765 1293 798 labe
1318 769 1405 797 caret

306 815 431 848 Tantae
456 814 575 848 festum
600 814 744 856 virginis
1002 813 1129 847 Munda
1153 813 1267 846 mundi
1293 814 1445 846 criminis.

170 876 231 908 2a.
258 874 350 907 Haec
384 876 434 906 est
455 872 515 906 flos
539 871 809 913 patriarcharum,
871 871 931 906 2b.
955 873 1047 905 Haec
1072 873 1122 903 est
1140 872 1222 912 legis
1242 872 1510 912 complementum

254 922 343 955 Rosa
366 930 506 955 vernans
530 921 764 962 prophetarum
953 920 1000 953 Et
1023 920 1122 953 totius
1145 918 1387 952 fundamentum

305 970 487 1011 Stirpisque
512 969 712 1008 Davidicae;
1003 968 1100 1010 Legis
1127 968 1341 1009 evangelicae.

168 1030 228 1062 3a.
256 1028 348 1061 Haec
376 1031 425 1060 est
449 1031 554 1060 mater
580 1027 693 1059 summi
713 1027 809 1067 regis,
871 1026 930 1060 3b.
950 1026 1043 1059 Haec
1058 1026 1160 1067 virg0‚
1181 1026 1256 1059 dum
1273 1034 1382 1066 regem
1398 1028 1509 1058 natum

253 1076 407 1110 Duodeni
433 1076 560 1109 doctrix
585 1076 691 1117 gregis
953 1074 1075 1112 Nutrit,
1102 1077 1191 1106 tenet
1215 1073 1434 1115 principatum

301 1124 474 1166 Materque
497 1122 662 1162 fidelium3
1003 1122 1101 1162 Coeli,
1128 1125 1246 1164 terrae,
1272 1122 1418 1154 marium.

166 1184 225 1216 4a.
253 1183 345 1216 Haec
370 1186 420 1214 est
442 1191 566 1215 summa
590 1181 755 1220 bonitatis,
865 1180 924 1215 4b.
949 1181 973 1214 O
999 1180 1117 1221 Maria,
1144 1189 1218 1221 spes
1244 1188 1382 1219 reorum,

252 1231 351 1270 Cujus
376 1234 449 1263 ortu
470 1231 538 1271 Jam
564 1230 667 1262 beatis
950 1229 1031 1262 Ortu
1055 1233 1109 1261 tuo
1135 1237 1346 1269 supernorum

298 1278 358 1311 Est
381 1278 525 1319 jucunda
548 1278 689 1318 mansio3
995 1278 1145 1310 Ditemur
1167 1276 1337 1310 consortio.

243 1365 328 1393 Miss.
356 1373 410 1392 ms.
430 1364 770 1393 Romano—Franciscan.
797 1372 874 1392 saec.
904 1362 948 1391 14.
978 1363 1048 1391 Ood.
1070 1363 1346 1399 carpentoractens.
1371 1361 1436 1391 107.
1462 1377 1466 1381 ·
1502 1377 1504 1381 v

168 1402 223 1439 la,
251 1402 270 1432 3
296 1403 405 1431 festum
432 1403 506 1431 fehlt
526 1403 566 1430 im
586 1403 671 1438 Text,
692 1410 739 1429 am
760 1405 867 1430 uutern
886 1402 990 1430 Raude
1011 1401 1240 1438 naehgetragen.
1261 1418 1299 1423 —
1320 1400 1370 1437 2a,
1393 1399 1411 1428 2
1435 1410 1478 1438 pr«
1492 1415 1503 1419 -

163 1442 320 1479 phetamm
342 1450 390 1470 am
410 1441 512 1470 Randt²
538 1442 664 1478 *rgiinzh
685 1456 725 1461 —
746 1438 798 1475 Sa,
819 1439 838 1468 2
859 1450 902 1477 sq.
920 1442 1019 1478 gregis
1041 1443 1134 1469 mater
1153 1441 1235 1469 fehlt.

572 1565 618 1595 82.
660 1565 694 1596 ln
714 1564 978 1596 praesentatione
1002 1564 1091 1596 BMV.

633 1637 663 1669 1.
689 1633 788 1668 Salve
813 1637 934 1678 regina,

691 1684 749 1725 pia
773 1685 875 1726 virgo,
903 1684 1014 1716 divina

691 1733 797 1773 gratia
821 1732 971 1776 fecunda,

691 1781 834 1821 puritate
859 1781 961 1815 salva.

164 1853 222 1885 2a.
249 1850 428 1885 Salvatoris
454 1852 567 1890 mater²
869 1848 927 1882 ab.
950 1848 1058 1891 Soror,
1086 1857 1206 1889 sponsa
1229 1849 1302 1892 Dei,

250 1908 345 1941 quam
371 1898 434 1931 sibi
458 1900 554 1939 pater
951 1900 987 1930 tu
1009 1896 1098 1930 facta
1121 1898 1191 1939 regi

251 1949 345 1982 divus
370 1947 506 1989 elegerit
951 1949 1055 1978 mater
1080 1948 1112 1978 et
1137 1945 1215 1985 filia,

251 2001 284 2030 et
311 1999 345 2028 te
369 1997 473 2029 solam
503 1995 710 2037 verbigenam
953 1995 1007 2036 qui
1033 1999 1066 2028 te
1092 1995 1176 2027 divis
1201 2003 1281 2036 prae
1306 1996 1422 2028 ceteris

248 2054 330 2087 prae
355 2045 479 2078 cunctis
503 2045 615 2077 mundi
955 2044 1047 2076 donis
1070 2042 1214 2076 infinitus

251 2094 520 2136 praedestinavit.
953 2093 1170 2133 praedotavit.

162 2165 224 2198 3a.
251 2163 299 2196 Te
324 2162 559 2203 praeservavit,
869 2161 929 2197 3b.
953 2162 1001 2194 Te
1026 2162 1246 2203 praeparavit,

249 2211 411 2245 maculam
436 2220 478 2243 ne
502 2211 679 2251 attingeres
951 2213 989 2242 ut
1015 2210 1110 2252 digna
1136 2213 1241 2243 mater
1270 2210 1363 2243 fieres

250 2260 429 2302 nascitura,
953 2260 1103 2300 paritura

250 2310 414 2344 transiens
439 2308 595 2342 mundum
956 2308 1074 2341 divinis
1099 2307 1204 2340 Deum

250 2361 338 2394 hunc
366 2359 527 2393 lubricum
956 2359 988 2389 et
1013 2357 1175 2390 hominem

249 2410 304 2444 via
329 2408 511 2450 impolluta.
957 2406 1047 2439 miris
1073 2406 1229 2442 involuta.
