1652 2678
180 226 230 258 4a

183 342 231 375 δεῖ

184 873 230 906 la

182 1039 240 1071 Za.

181 1202 239 1235 3a.

180 1368 238 1398 4a.

178 1530 234 1563 5a.

719 126 983 163 -107—

268 226 341 258 Ave
362 225 454 267 virgo
480 226 577 258 stella
601 227 711 270 maris,
884 225 947 260 41).
972 223 1068 265 Audi,
1094 224 1185 265 virgo
1210 223 1393 264 singularis,

316 273 427 306 Mater
457 274 648 318 sapientiae,
1017 272 1135 305 Preces
1159 275 1287 305 nostras
1312 271 1420 305 hodie.

267 341 349 374 Flos
374 341 482 374 Maria
506 341 678 385 castitatis,
885 341 946 376 5b.
968 340 1103 381 Plagam
1126 342 1259 373 nostrae
1282 339 1456 380 pravitatis

265 390 359 422 Pelle
382 392 513 422 nostrae
538 390 711 430 pravitatis
967 389 1057 421 Leva
1078 397 1176 421 manu
1198 387 1331 429 pietatis

317 438 404 471 Onus
435 441 468 470 et.
491 438 658 479 tristitiae,
1014 437 1066 470 De
1089 437 1163 470 lacu
1187 436 1347 474 miseriae,

603 507 635 539 6.
662 507 709 540 Et
732 515 792 547 per
816 506 902 538 viam
927 505 1074 538 veritatis

665 555 737 587 Duc
762 554 804 587 ad
830 563 931 595 regna
956 553 1114 586 claritatis

711 604 750 636 In
775 602 850 635 aula
870 602 1027 642 justitiae.

260 688 343 716 Miss.
368 688 622 716 Fontebraldense
644 691 714 724 imp.
735 688 862 716 Parisiis
886 685 969 716 1534.

631 789 688 823 141.
730 791 773 823 De
792 791 888 823 beata
908 790 1012 822 Maria
1031 790 1067 821 V.

271 872 380 913 Salve,
407 873 509 913 virgo,
533 871 621 904 vitae
646 873 709 913 via,
884 871 943 905 lb.
967 870 1074 911 Salve,
1102 879 1187 912 cara,
1215 872 1310 912 culpa
1336 880 1460 913 carens,

266 921 428 955 Mundum
453 920 614 953 mundans
639 929 737 960 prece
759 921 823 962 pia,
968 919 1045 952 Sine
1069 921 1142 959 pari
1167 920 1270 961 patris
1295 929 1424 961 parens,

314 969 425 1002 Maria
447 978 508 1009 per
533 967 655 1010 maria3
1015 968 1079 1000 Per
1100 970 1134 1001 te
1157 971 1273 1009 patent
1297 968 1413 1001 omnia.

268 1037 376 1077 Salve,
397 1036 489 1077 virgo
518 1035 679 1078 salutaris,
883 1035 944 1069 2b.
969 1035 1073 1074 Salve,
1099 1036 1170 1068 sola
1194 1035 1294 1068 solem
1321 1036 1410 1076 paris

270 1085 449 1118 Salutando
474 1084 657 1125 gravidans
966 1083 1037 1116 Nec
1060 1084 1094 1115 in
1119 1086 1216 1125 partu
1243 1082 1410 1117 defloraris

315 1133 423 1165 Verbo
449 1132 647 1172 sapientiae3
1012 1132 1113 1165 Flore
1137 1132 1325 1173 pudicitiae.

268 1200 376 1241 Salve,
403 1200 512 1241 proles
538 1200 696 1240 speciosa,
882 1199 941 1233 3b.
967 1199 1073 1240 Salve,
1099 1199 1181 1232 lucis
1205 1200 1262 1231 lux
1287 1208 1430 1235 amoena,

265 1249 373 1282 Radix
399 1248 493 1281 Jesse
517 1256 684 1289 generosa,
963 1247 1054 1280 Luce
1078 1247 1189 1280 lucens
1215 1248 1330 1288 aliena,

315 1297 437 1330 Domus
462 1296 593 1337 inquam
618 1295 770 1335 Domini,-
1013 1295 1136 1328 Lucem
1160 1295 1320 1337 praebens
1342 1296 1473 1328 homini.

265 1364 372 1405 Salve,
399 1364 499 1403 viror,
537 1371 621 1404 quae
645 1373 707 1396 non
734 1364 820 1396 vires
879 1363 940 1397 4b.
963 1362 1070 1406 Salve,
1098 1363 1187 1396 viror
1212 1363 1282 1395 sine
1306 1363 1388 1403 viro,

264 1413 393 1454 Perdis,
421 1411 568 1453 quamvis
594 1411 664 1445 viro
691 1421 787 1452 v1res,
964 1411 1063 1443 Viror
1086 1410 1194 1444 virens
1220 1412 1316 1444 modo
1341 1412 1433 1451 miro,

314 1461 380 1494 Sed
406 1461 491 1493 vires
518 1459 712 1501 virtutibus3
1011 1459 1085 1491 Non
1110 1463 1247 1492 naturae
1268 1459 1403 1493 viribus.

264 1528 371 1569 Salve,
397 1530 512 1568 mater,
537 1531 570 1559 te
594 1536 776 1568 precamur,
881 1527 941 1561 5b.
966 1527 1072 1567 Salve,
1099 1529 1196 1568 placa
1220 1528 1313 1560 nobis
1340 1527 1517 1569 Christum,

264 1576 361 1618 Cujus
386 1577 469 1609 diem
496 1585 689 1609 veneramur
963 1575 1011 1609 Ut.
1033 1576 1194 1616 perducat
1219 1576 1348 1609 chorum
1373 1576 1470 1608 istum

313 1625 452 1667 Dignum
477 1625 671 1662 reverentia,
1010 1625 1065 1657 Ad
1094 1626 1254 1658 coelorum
1281 1624 1409 1666 gaudia.

252 1712 336 1740 Miss.
364 1720 418 1739 ms.
445 1711 593 1739 Remense
621 1719 697 1741 saec.
728 1709 772 1740 13.
802 1711 871 1740 Cod.
900 1713 1037 1740 Remens.
1068 1709 1131 1739 125.
1161 1712 1226 1740 add.
1256 1719 1332 1740 saec.
1357 1710 1400 1740 lb.
1422 1712 1456 1739 A.
1479 1726 1517 1731 —

174 1751 258 1779 Miss.
280 1751 427 1779 Remense
447 1752 517 1787 imp.
538 1749 665 1780 Parisiis
688 1748 771 1779 1513.
792 1751 827 1779 B.
848 1766 887 1770 —
907 1749 963 1784 41³,
985 1748 1003 1777 2
1023 1750 1132 1779 mundo
1153 1752 1188 1779 A.

172 2203 227 2236 2a.

622 1854 687 1887 142.
732 1855 776 1886 De
795 1854 895 1886 beata
912 1853 1018 1886 Maria
1036 1854 1072 1885 V.

644 1938 675 1972 1.
702 1937 812 1970 Mater
839 1936 961 1969 dilecta

703 1986 815 2019 dilect-i
840 1994 879 2018 ex
907 1985 1036 2026 dilecto,

702 2034 884 2068 dilectionis
908 2034 1015 2076 gratia
1040 2034 1148 2077 plena,

698 2092 826 2125 semper
847 2083 948 2125 virgo,

699 2136 812 2166 sancta
834 2132 955 2165 Maria.

256 2201 340 2234 Nam
366 2205 403 2233 ut
430 2209 525 2233 ovum
550 2200 691 2234 volucris
872 2200 931 2234 2b.
955 2199 1010 2233 Sic
1038 2202 1074 2232 tu
1098 2200 1226 2243 integra
1252 2201 1362 2235 «livino

255 2249 327 2283 fotu
350 2254 381 2282 et
409 2249 517 2282 calore
958 2250 1122 2282 calescens
1148 2259 1258 2282 amore

254 2299 431 2336 animatum
954 2299 1060 2331 virum
1085 2308 1203 2332 novum

253 2348 459 2383 circumdare
958 2347 1183 2381 circumdabas

253 2398 460 2440 cognoscitur
483 2396 574 2429 intra
952 2397 1048 2437 juxta
1072 2396 1234 2431 Jeremiae

253 2456 288 2481 se
313 2445 427 2488 fotum,
953 2445 1166 2487 praedictum.

439 2573 460 2591 1·
