1652 2678
679 95 843 132 -171
898 115 944 121 -—

148 193 231 228 102.
259 194 378 227 Mundi
404 193 484 228 facit
510 198 747 235 contemptores
849 195 934 229 lOb.
954 193 1022 227 Dat
1048 194 1185 235 captivis
1209 193 1404 230 libertatem,

255 242 327 275 Deo
350 252 467 283 parcos
494 247 527 276 et
551 244 702 284 victores,
956 242 1051 275 Vitae
1076 240 1202 275 confert
1227 241 1411 283 novitatem,

257 291 393 324 Morbos
419 291 514 334 fugat
539 295 572 324 et
595 292 776 336 languores,
955 291 1050 324 Ditat
1080 290 1199 323 dictam
1226 290 1389 323 civitatem

307 338 473 379 Reprimit
499 340 679 374 daemonia.
1004 339 1133 373 Morum
1156 336 1332 371 affluentia.

151 398 192 431 11
204 406 232 431 a.
263 396 386 430 Christi
410 401 546 442 martyr,
578 399 634 430 lux
661 399 789 438 decora,
850 397 932 430 11b.
954 396 1076 430 Nostra
1100 397 1197 434 salus,
1225 405 1299 437 spes
1326 404 1465 439 reorum,

261 445 364 478 Prece
389 446 445 487 pia
471 446 635 480 Christum
661 455 719 479 ora
959 444 1098 478 Consors
1124 444 1215 485 regni
1240 443 1417 484 beatorum,

258 493 304 527 Et
337 503 397 535 pro
421 494 515 526 nobis
541 503 628 527 nuno
651 494 792 534 implora
959 493 1093 526 Pressos
1119 493 1204 525 mole
1228 492 1381 526 vitiorum

304 541 386 582 Ejus
412 542 604 582 patrocinia.
1008 541 1077 574 Deo
1104 540 1286 574 reconcilia.

151 601 235 634 12a.
261 599 464 633 Assistentes
488 603 564 632 tuae
587 599 688 643 laudi,
852 599 935 632 12¹0.
959 598 1045 638 Quos
1061 598 1115 631 hio
1129 598 1257 632 Christo
1276 598 1340 631 scis
1352 599 1487 640 servire,

260 648 409 681 Pretiose
430 650 567 689 martyr,
599 647 688 689 audi,
963 647 1030 679 Ora
1053 655 1175 687 poenas
1199 655 1263 679 non
1289 647 1421 685 sentire,

260 695 346 734 Quos
370 695 425 727 hie
448 696 533 727 soles
559 694 742 734 confovere,
960 694 1027 728 Sed
1051 704 1123 727 oum
1149 694 1219 728 dies
1244 695 1309 727 erit
1330 695 1410 735 irae,

260 744 341 777 Post
365 743 451 776 hane
473 744 574 775 vitam
592 743 674 776 lueis
694 751 794 776 verae
958 742 1063 776 Nobis
1089 741 1201 775 confer
1226 747 1259 775 et
1281 743 1403 784 largire

308 790 466 824 Transfer
491 791 535 824 ad
559 791 694 832 palatia.
1009 792 1215 831 Sempiterna
1239 791 1367 832 gaudia.

226 878 312 906 Miss.
343 886 398 905 ms.
426 877 479 906 SS.
507 877 666 905 Trinitatis
693 877 905 905 Vindosinens.
932 885 1009 905 saec.
1041 874 1075 904 15
1101 883 1146 904 ex.
1177 875 1246 904 Ood.
1273 876 1485 904 Vindocinum.

150 913 207 945 267
228 916 284 945 bis.
306 916 340 944 A.
390 932 400 936 -
420 916 505 944 Miss.
526 924 580 943 ms.
602 915 656 944 SS.
676 916 835 944 Trinitatis
857 915 1070 943 Vindocinens.
1092 916 1164 942 anni
1187 912 1269 943 1457.
1293 913 1363 943 Cod.
1376 914 1489 943 Vindo-

151 956 264 983 cinens.
289 953 332 983 16.
355 954 389 983 B.
411 970 448 975 —
472 952 521 987 la,
545 953 560 982 1
582 955 751 983 moduletur
770 955 804 983 A.

580 1105 649 1136 224.
691 1104 733 1136 De
755 1105 863 1136 saneto
885 1103 1059 1136 Everardo.

153 1199 210 1232 la.
237 1196 356 1230 Militis
383 1196 492 1229 eximii
854 1195 913 1228 lb.
940 1194 1000 1233 Qui
1025 1197 1231 1235 praesentem
1255 1193 1390 1235 praedio

238 1245 358 1278 Coneio
387 1244 516 1285 Cysonii
938 1242 1090 1283 Digniter
1114 1242 1148 1274 in
1174 1242 1308 1283 proprio

286 1293 423 1326 Recolat
448 1292 646 1332 memoriam,
986 1289 1153 1323 Fundavit
1179 1290 1358 1324 ecelesiam.

152 1354 209 1386 Za.
236 1352 302 1386 Hie
325 1351 463 1384 illustris
489 1351 627 1389 actibus,
853 1348 914 1383 ab.
935 1348 1043 1389 Atque
1070 1347 1199 1382 Christo
1225 1347 1383 1388 populum

235 1399 421 1440 Parentela,
448 1398 592 1431 moribus
939 1395 1102 1437 Colligens
1126 1396 1332 1429 incredulum

285 1447 464 1487 Eleganter
498 1447 627 1487 claruit,
986 1444 1146 1477 Bellando
1170 1444 1368 1485 perdomuit.

152 1508 209 1541 3a.
237 1506 384 1539 Tenente
408 1504 576 1549 Lothar10,
854 1503 913 1537 3b.
936 1502 1060 1535 Terrae
1084 1502 1286 1544 principatui

233 1554 398 1588 Ludovici
423 1552 501 1594 filio,
938 1550 1045 1592 Hujus
1072 1553 1105 1583 et
1131 1550 1262 1584 ducatui

280 1602 509 1636 Monarchiam
538 1601 666 1635 Galliae
985 1598 1136 1633 Praefuit
1158 1599 1285 1633 Italiae,

150 1664 208 1696 4a.
238 1660 361 1694 Contra
384 1663 497 1702 gentes
522 1659 666 1701 perfidas
854 1658 913 1691 4b.
936 1657 983 1691 Ut
1009 1666 1063 1690 eas
1090 1658 1296 1690 converteret

236 1710 381 1752 SclavoS,
414 1708 560 1749 Mauros,
587 1708 746 1741 Numidas
938 1705 984 1739 Et
1010 1714 1153 1738 errorem
1178 1704 1318 1745 pelleret

283 1757 435 1791 Ducebat
461 1757 650 1797 exereitum,
986 1754 1039 1787 Ab
1065 1754 1146 1794 ipsis
1170 1753 1359 1793 ingenitum.

152 1819 210 1852 5a.
238 1816 326 1849 Hine
350 1815 449 1848 turba
474 1814 643 1856 gentilium
856 1812 914 1846 5b.
940 1811 1117 1845 Crescebat
1141 1810 1267 1853 religio,

237 1866 381 1906 Sequens
408 1863 612 1905 evangelium
942 1860 1023 1899 Quia
1048 1859 1229 1900 suppositio

286 1912 405 1946 Fiebat
434 1911 605 1953 catholiea,
989 1908 1147 1943 Cessabat
1170 1907 1389 1948 phantastica.

154 1973 212 2007 δα.
240 1971 289 2005 At
312 1972 365 2004 vir
389 1970 595 2004 beatissimus
856 1966 916 2001 ob.
935 1967 1007 1999 Deo
1032 1965 1250 1999 servientibus

239 2020 437 2061 Cunctisque
462 2018 665 2061 gratissimus
938 2015 991 2048 De
1015 2014 1082 2047 suis
1107 2014 1293 2047 redditibus

289 2069 440 2103 Condens
465 2067 664 2101 monasteria
989 2064 1097 2097 Dabat
1119 2063 1313 2098 necessaria.

153 2129 211 2163 7a.
239 2126 314 2160 Non
341 2127 455 2166 honor,
484 2134 547 2158 non
567 2125 719 2166 dignitas,
858 2123 915 2158 7b.
939 2122 995 2156 Sic
1019 2131 1037 2154 e
1064 2125 1176 2155 contra
1199 2122 1309 2154 tristia

236 2175 308 2209 Nee
333 2183 444 2208 rerum
468 2174 671 2215 prosperitas
940 2170 1210 2212 Supervenientia-

285 2225 444 2258 Poterant
470 2222 632 2262 attollere,
989 2219 1178 2261 Nequibant
1205 2218 1398 2261 opprimere.

148 2287 208 2320 Sa.
236 2283 432 2318 Consolator
457 2290 649 2322 pauperum,
856 2278 916 2314 8b.
940 2279 995 2312 Ad
1023 2278 1105 2311 coeli
1130 2278 1297 2321 palatium,

235 2332 278 2366 Se
303 2330 458 2365 servabat
483 2334 631 2363 exterum
941 2326 1008 2362 Ubi
1031 2336 1096 2368 pax
1120 2330 1153 2360 et
1178 2326 1343 2371 gaudium,

281 2380 334 2415 Ab
362 2381 451 2413 omni
472 2378 638 2420 superbia,
991 2376 1055 2409 Via
1078 2376 1217 2409 tendens
1242 2375 1344 2418 regia.
