1652 2678
749 104 1010 143 —179—

233 206 294 239 4a.
321 203 367 237 Et
391 214 452 246 per
473 204 569 239 fidem
597 206 782 239 roboratam
935 204 995 241 4b.
1018 205 1161 238 Messeni
1187 203 1279 237 dedit
1305 202 1365 236 deo
1391 205 1516 244 gratam

367 253 527 287 Doctrina
553 255 713 288 catholica
1068 252 1204 286 Cultura
1231 251 1402 286 dominica.

236 312 295 345 5a.
323 311 403 344 Post
414 311 496 344 haec
509 313 614 345 saneti
626 322 691 346 non
702 312 852 345 cedentes
936 311 996 345 5b.
1020 311 1090 344 Nec
1115 309 1283 343 tormentis
1311 308 1498 342 diffidentes

368 359 470 392 Minis
495 369 557 392 neo
581 361 743 401 pressuris
1069 358 1235 392 Sociorum
1263 358 1362 399 duris,

235 419 294 451 6a.
319 417 490 451 Ambianis
517 418 694 459 redierunt,
938 418 995 452 6b.
1024 417 1207 451 Gloriosum
1233 415 1406 449 audierunt

370 466 440 506 Qua
465 465 608 507 Quintini
636 467 715 500 socii
1069 465 1216 498 Examen
1241 464 1400 504 martyrii.

239 526 299 558 7a.
325 523 411 564 Quos
437 527 475 556 ut.
498 533 599 557 senex
622 524 836 569 suburbanus,
938 523 998 557 71).
1019 524 1156 557 Praeses
1182 522 1275 556 ferox
1298 524 1332 554 et
1354 522 1488 554 insanus

327 571 385 604 Vir
410 572 546 614 insignis
574 572 766 613 Gentianus,
1021 572 1067 605 Et
1091 574 1217 605 armata
1241 579 1349 604 seeum
1374 578 1487 603 manus

373 619 512 662 Collegit
536 620 688 661 hospitio,
1072 619 1169 652 Venit
1194 629 1211 652 e
1237 619 1381 660 vestigio.

237 681 297 714 821.
324 678 370 710 Et
397 678 472 710 dum
498 678 631 710 adstans
656 679 690 710 in
716 678 799 711 ostio
939 677 1000 712 8b.
1024 679 1055 710 A
1082 680 1174 710 coetu
1199 679 1306 710 tentus
1331 676 1431 716 impio

324 725 432 758 Senex
457 727 603 758 extracto
631 725 740 767 gladio
1021 726 1142 759 Mortis
1167 733 1282 758 sacrae
1307 723 1497 765 compendio

371 773 507 807 Sanctos
533 776 625 806 tuere
650 774 761 818 voluit,
1074 773 1180 806 Vitam
1206 774 1335 807 beatam
1360 772 1487 805 meruit.

237 833 297 867 921.
324 831 370 864 Et
394 835 470 872 post
493 831 557 864 Dei
582 830 711 864 famulis
941 832 1000 867 9b.
1024 832 1063 865 In
1090 831 1142 863 via
1168 831 1367 871 desaevienS,

324 880 451 913 Artatis
476 881 511 913 in
537 880 674 913 vinculis
1024 880 1139 913 Morae
1159 880 1227 920 jam
1251 879 1424 920 impatiens

325 929 448 962 Saevus
472 929 596 961 inst-ans
622 928 764 970 scapulis
1024 929 1072 961 Et
1097 937 1243 960 eruorem
1268 927 1392 968 sitiens,

375 978 531 1020 Praeses‚
561 977 636 1009 dum
662 977 856 1017 regreditur,
1074 976 1153 1008 lllos
1178 986 1252 1009 mox
1278 975 1476 1017 aggreditur.

217 1037 303 1070 10a.
330 1034 401 1075 Qui,
428 1035 698 1068 constantissimis
919 1034 1000 1068 101).
1023 1034 1233 1067 Transversis
1257 1033 1400 1074 naribus,

331 1082 520 1116 Sanctorum
548 1083 675 1123 animis,
1025 1082 1145 1115 Mersis
1171 1085 1203 1114 et,
1221 1081 1363 1122 auribus,

328 1131 408 1164 Cum
432 1131 545 1172 poenis
569 1131 718 1171 piurimis
1029 1130 1137 1163 Clavis
1164 1129 1376 1163 candentibus

375 1179 535 1213 Vexasset
561 1188 707 1220 corpora,
1075 1176 1207 1210 Afflixit
1231 1181 1389 1218 tempora.

220 1238 302 1272 lla.
330 1238 411 1271 Post
436 1237 554 1270 evulsis
580 1238 693 1278 oculis,
920 1236 961 1269 11
971 1236 1002 1269 b.
1025 1236 1178 1269 Victuros
1202 1236 1236 1268 in
1262 1235 1400 1267 saeculis

377 1285 540 1318 Abscissis
568 1286 729 1328 capitibus
1074 1284 1191 1316 Poenis
1216 1283 1312 1316 solvit
1339 1283 1498 1316 omnibus.

221 1344 303 1379 12a,
331 1344 414 1384 Quos
442 1344 560 1376 donum
585 1343 648 1376 Dei
673 1343 809 1385 gratiae,
921 1342 1004 1376 12b.
1031 1342 1116 1375 Nam
1142 1342 1266 1374 cunctis
1292 1340 1529 1374 admirantibus

326 1392 427 1432 Quam
454 1392 571 1432 dignae
596 1390 705 1424 forent
721 1391 856 1432 hostiae,
1027 1390 1100 1424 Suis
1125 1392 1262 1431 uterque
1285 1389 1434 1422 manibus

370 1439 855 1480 Monstravitpostmartyrium.
1076 1437 1182 1479 Caput
1207 1438 1311 1471 erexit
1336 1438 1517 1479 proprium.

218 1500 263 1533 13
273 1508 302 1533 a.
328 1498 377 1530 Et
400 1498 452 1531 sui
477 1506 594 1538 eorpus
621 1497 771 1539 hospitis,
919 1498 962 1531 13
970 1497 1003 1532 b.
1026 1496 1253 1529 Visitaverunt
1279 1496 1395 1537 denuo,

327 1547 402 1581 Jam
426 1546 594 1579 animabus
621 1546 781 1587 praeditis
1026 1545 1073 1579 Ut
1099 1545 1300 1578 exsultarent
1323 1547 1435 1578 mutuo

376 1595 525 1636 Superna
550 1595 632 1628 coeli
657 1595 771 1637 gloria,
1075 1593 1127 1626 De
1151 1594 1320 1634 sepultura
1345 1594 1443 1627 socia.

219 1655 302 1689 14a.
329 1654 428 1687 Unde
454 1653 515 1686 viri
540 1653 695 1694 timorati,
918 1652 1001 1686 14b.
1023 1651 1261 1685 Benedicentes
1287 1650 1426 1684 Domino

329 1701 437 1743 Signis
462 1701 563 1734 tantis
590 1701 733 1742 excitati,
1026 1700 1160 1735 Viventi
1186 1700 1255 1732 sine
1280 1699 1417 1732 termino

375 1751 544 1783 Venerunt
568 1750 612 1783 ad
637 1749 816 1790 exsequias,
1075 1748 1121 1781 Et
1145 1747 1324 1781 referentes
1350 1748 1481 1789 gratias.

221 1809 264 1843 15
274 1819 305 1843 a.
331 1807 378 1840 Et
401 1817 460 1841 nos
486 1815 597 1840 eorum
623 1807 732 1840 dulcia
920 1806 1004 1841 15b.
1028 1808 1076 1841 Ut
1101 1804 1186 1839 festa
1209 1808 1286 1847 post
1310 1805 1391 1838 haec
1416 1814 1523 1838 annua

326 1856 504 1889 Precemur
528 1864 589 1897 per
613 1855 776 1897 suffragia,
1026 1855 1192 1888 Ducamur
1217 1855 1259 1887 ad
1286 1854 1447 1887 continua.

579 1914 636 1948 16.
664 1912 729 1947 Ubi
753 1913 817 1946 Dei
842 1913 917 1946 fulti
941 1913 1139 1954 praeseutia,

661 1962 873 1995 Exsultantes
898 1962 933 1994 in
961 1962 1042 1995 coeli
1069 1961 1159 1994 curia

709 2010 927 2044 Decantemus
940 2020 1050 2043 omnes
1060 2010 1216 2050 Alleluja.

297 2089 383 2117 Miss.
398 2097 452 2116 mS.
466 2088 670 2117 Ambianense
690 2096 767 2116 saec.
783 2087 829 2117 15.
852 2088 924 2117 Cod.
943 2087 1138 2117 Ambianens.
1154 2085 1219 2116 163.
1234 2089 1270 2116 A.
1287 2103 1325 2107 -—
1344 2087 1430 2115 Miss.
1444 2086 1567 2115 Ambia-

217 2137 311 2157 nense
324 2129 396 2164 imp.
410 2127 555 2156 Parisius.
572 2125 655 2156 1529.
670 2128 705 2156 Β.
724 2143 765 2147 —
783 2128 868 2156 Miss.
885 2127 1088 2156 Ambianense
1107 2128 1179 2163 imp.
1195 2127 1355 2163 Rotomagi
1371 2124 1455 2155 1506.
1473 2125 1507 2154 C.
1528 2141 1567 2146 --

223 2166 295 2202 101),
318 2164 336 2195 3
359 2167 460 2204 Clagis
481 2167 517 2195 A.
538 2181 577 2187 -
599 2165 667 2203 15a,
692 2164 707 2193 1
728 2166 772 2195 Ut
790 2175 845 2195 nos
866 2168 902 2195 A.
923 2181 961 2186 ——-
984 2165 1055 2202 151),
1080 2164 1095 2193 1
1116 2166 1158 2194 Et
1177 2175 1232 2194 nos
1253 2166 1288 2194 A.

653 2289 722 2322 238.
763 2290 808 2322 De
829 2290 938 2323 sancto
961 2289 1146 2332 Gaugerieo.

659 2374 692 2408 1.
718 2372 783 2414 Eja
808 2373 989 2408 recolamus

716 2422 868 2456 laudibus
895 2421 987 2456 festis
1013 2421 1100 2455 festa
