1652 2678
776 86 1040 121 —196—-

697 178 766 210 260.
809 178 853 210 De
873 179 980 210 sancto
1002 176 1130 209 Jacobo.

240 249 298 282 Ia.
324 248 450 281 Plaude
475 253 575 292 terra,
611 249 736 283 coelum
758 249 876 290 gaude,
937 248 997 282 1b.
1022 247 1123 279 Totus
1149 246 1238 278 orbis
1261 247 1472 288 jucundetur,

323 296 522 329 Recolantur
549 298 647 338 digna
671 296 769 329 laude
1021 294 1241 328 Jucundando
1266 294 1453 328 moduletur

373 344 487 377 Jacobi
512 345 679 377 solemnia.
1070 343 1109 374 In
1135 342 1204 381 ejus
1230 343 1379 375 victoria.

239 405 296 437 2a.
322 401 410 434 Hinc
434 402 596 434 Zebedaei
621 401 706 434 filius
937 400 997 434 2b.
1020 399 1114 431 Vidit
1139 398 1198 431 sub
1223 399 1307 431 lueis
1334 398 1429 431 radio

368 450 489 482 Vocem
514 452 642 481 secutus
667 448 809 489 Domini,
1069 446 1213 479 Verbum
1238 447 1343 486 patris
1369 445 1403 477 in
1430 445 1546 488 gloria,

320 498 401 529 Post
422 497 501 529 duos
525 497 699 537 specialius
1023 494 1121 534 Cujus
1148 494 1208 526 sub
1235 494 1343 526 carnis
1367 493 1470 533 pallio

365 545 528 577 Adhaesit
549 544 620 577 Deo
646 544 776 577 homini.
1071 542 1247 575 Celabatur
1272 542 1430 583 potentia.

235 604 291 636 3a.
318 602 403 641 Quos
428 602 527 642 elegit
551 602 591 634 ab
618 601 692 634 aliis
936 602 996 636 ab.
1017 600 1095 633 Istis
1119 609 1254 642 pavore,
1279 599 1402 641 taedio,

367 649 464 681 Tanti
489 650 606 682 secreti
633 650 788 691 conscios,
1067 648 1159 682 Sacri
1185 650 1306 682 sudore
1330 649 1495 689 sanguinis

319 698 529 731 Honorantur
553 708 634 739 prae
660 698 776 730 ceteris
1017 698 1097 730 Alto
1123 698 1242 739 probat
1266 698 1423 739 mysterio

366 746 496 778 Amoris
522 746 704 789 privilegio.
1065 747 1185 779 Veram
1213 749 1364 779 naturam
1389 746 1540 781 hominis.

233 805 290 837 4a.
318 803 395 836 Istis
420 813 555 845 surgens
582 805 622 838 ab
648 803 763 838 inferis
932 805 992 839 4b.
1015 804 1078 837 His
1102 805 1241 845 piscium
1265 806 1300 838 in
1328 806 1465 845 captura

363 853 531 893 Apparuit
554 853 767 894 piscantibus,
1063 853 1260 894 Praesignat
1283 854 1343 886 sub
1369 854 1538 894 mysterio,

315 899 392 932 Assi
418 901 518 941 piscis
544 905 640 943 atque
665 902 759 942 panis
1017 901 1107 942 Quae
1132 906 1319 935 sanctorum
1345 901 1389 934 sit
1414 900 1529 934 futura

363 949 516 989 Mysticis
543 950 667 983 donans
694 950 844 991 dapibus.
1064 950 1119 983 Ad
1145 951 1317 984 dexteram
1342 950 1470 984 eleetiO.

235 1009 291 1042 5a.
321 1007 405 1047 Quos
431 1008 535 1048 patris
559 1008 743 1050 unigenitus
932 1009 991 1043 5b.
1014 1007 1218 1041 Ebrietatem
1245 1009 1380 1050 spiritus

362 1056 517 1088 Primitus
537 1056 782 1100 informaverat,
1064 1056 1116 1089 De
1141 1056 1232 1089 fonte
1257 1057 1439 1098 sapient-iae

314 1104 383 1137 Hos
411 1104 574 1138 debriavit
598 1105 732 1146 spiritus
1013 1105 1138 1138 Bibunt
1163 1106 1315 1138 conducti
1341 1105 1476 1139 coelitus

362 1152 534 1185 Ebrietate
558 1154 678 1188 sobria.
1064 1153 1179 1186 Novae
1210 1155 1351 1187 cultores
1374 1154 1499 1187 vineae.

232 1211 289 1245 6a.
320 1209 418 1250 Cujus
445 1211 549 1243 cultor
574 1211 715 1244 Jacobus
931 1212 991 1246 6b.
1014 1211 1166 1244 Dilatans
1190 1213 1392 1254 ingressibus

363 1258 554 1291 Triturabat
577 1268 696 1299 aream,
1063 1260 1284 1293 Pullulantem
1311 1261 1449 1294 vineam.

233 1318 290 1350 7a.
317 1315 464 1348 Tandem
490 1317 575 1350 calix
599 1317 804 1359 propinatur,
932 1319 950 1351 7
958 1320 991 1353 b.
1014 1317 1069 1350 Sic
1094 1318 1216 1360 adepta
1241 1319 1321 1352 sede
1346 1319 1437 1359 regni

312 1363 363 1397 De
388 1374 450 1405 quo
475 1365 591 1398 bibens
618 1369 789 1399 coronatur
1016 1366 1096 1399 Oret
1122 1366 1295 1409 Christum,
1321 1376 1381 1400 nos
1406 1368 1546 1407 perenni

362 1412 427 1445 Sub
453 1414 595 1447 Herodis
621 1414 748 1456 gladi03
1061 1415 1143 1448 Frui
1168 1416 1255 1448 vitae
1279 1415 1438 1456 praemio.

307 1479 393 1508 Mis-f.
421 1488 475 1507 ms.
495 1480 692 1508 Vedastinnm
721 1488 798 1508 saec.
829 1478 873 1509 14.
903 1482 944 1509 in.
966 1480 1037 1510 Cod.
1059 1481 1248 1510 Atrebatens.
1277 1479 1335 1510 888
1361 1483 1418 1510 mit:
1437 1482 1507 1510 Mel.
1536 1497 1574 1502 —

227 1517 278 1555 Pa,
302 1517 318 1548 1
339 1515 486 1546 Zebedaei
506 1518 576 1547 fidei
596 1520 652 1548 Hs.

685 1612 746 1644 261.
787 1613 832 1645 De
852 1615 961 1646 sancto
982 1613 1113 1646 Jacobo.

231 1687 287 1720 1a.
316 1683 446 1717 Gaudet:
467 1684 583 1717 chorus
610 1688 643 1717 et
668 1685 809 1717 laetatur
929 1686 990 1719 lb.
1014 1685 1115 1718 Parat
1139 1689 1219 1728 rete,
1249 1687 1325 1720 dum
1351 1687 1499 1728 piscatur

314 1732 500 1774 Jacoboque
524 1734 706 1774 gratulatur
1014 1733 1080 1767 Sed
1101 1744 1122 1767 a
1147 1735 1278 1769 Christo
1304 1737 1487 1770 advocatur

362 1780 465 1814 Cantu
490 1782 566 1814 novi
591 1782 724 1820 moduli,
1060 1783 1116 1816 Ad
1142 1784 1280 1817 salutem
1305 1785 1431 1826 populi.

229 1842 285 1873 2a.
313 1839 450 1872 Tractus
477 1840 519 1872 ad
544 1839 654 1873 ,Iesum
677 1840 806 1873 accedit
927 1842 986 1875 2b.
1009 1841 1089 1874 Voei
1114 1842 1247 1876 Domini
1272 1843 1386 1877 obedit,

314 1887 513 1929 Saeculoque
537 1889 647 1921 statim
675 1889 762 1922 cedit
1010 1890 1171 1932 Illicoque
1196 1892 1239 1925 ad
1265 1901 1302 1924 se
1326 1892 1415 1924 redit

356 1936 420 1969 Dei
442 1941 570 1970 secutus
592 1938 689 1978 viam,
1060 1938 1204 1980 Sequens
1232 1948 1341 1972 veram
1367 1940 1527 1980 sophiam,

226 1998 285 2030 321.
310 1995 500 2028 Ascendens
522 1997 637 2028 mortis
664 1996 817 2028 verticem
927 1997 987 2032 31).
1010 1997 1200 2038 Vidensque
1223 1998 1311 2031 vitae
1335 1997 1468 2030 laticem

311 2043 424 2077 Cernit
448 2053 508 2084 per
533 2045 637 2076 lucem
660 2044 804 2085 judicem
1016 2045 1114 2085 Cupit
1137 2054 1198 2086 per
1223 2046 1323 2078 talem
1350 2046 1484 2078 calicem

359 2091 523 2125 Christum
547 2092 822 2134 transfiguratum,
1060 2093 1102 2126 Se
1127 2092 1198 2126 fore
1225 2094 1420 2127 debriatum.

224 2152 284 2184 4a.
313 2150 436 2190 Sponte
460 2149 588 2191 perfert,
611 2150 804 2191 martyrium
925 2152 987 2186 41³.
1010 2151 1106 2184 Vitae
1131 2154 1272 2184 taetrum
1297 2152 1494 2193 supplicium

309 2198 355 2232 Et
380 2199 612 2239 sempiternum
636 2199 816 2240 praemium
1011 2199 1243 2240 scandensque
1269 2201 1350 2232 coeli
1378 2200 1495 2233 solium

355 2246 423 2279 Isto
448 2248 544 2280 modo
570 2250 745 2289 mereatur,
1059 2248 1098 2280 ln
1123 2247 1193 2280 Deo
1219 2248 1387 2288 gloriatur.

223 2307 278 2339 5a.
306 2305 406 2338 Adsis
432 2308 487 2339 tuo
514 2305 676 2347 suffragio,
922 2307 981 2342 5b.
1009 2306 1075 2340 Sed
1100 2308 1155 2339 tuo
1180 2306 1365 2346 patrocinio

305 2354 415 2395 Pater,
442 2357 553 2387 nostro
581 2354 727 2395 collegio,
1007 2354 1087 2387 Cum
1112 2357 1296 2387 sanctorum
1322 2353 1485 2386 consortio

354 2401 405 2433 Ne
429 2403 573 2442 peccatis
598 2410 794 2444 premamur,
1056 2403 1110 2435 Ad
1136 2403 1261 2435 coelum
1285 2401 1515 2443 perducamur.
