1652 2678
736 84 995 121 —203—

197 179 258 213 4a.
283 177 397 221 Virgo,
415 183 551 223 martyr,
570 182 645 223 plus
670 183 842 225 propheta,
902 183 962 218 4b.
985 185 1109 217 Praeco
1136 182 1258 216 Christi
1284 185 1318 215 et
1340 184 1475 223 athleta,

283 227 323 261 In
347 237 410 269 quo
435 229 490 262 lex
515 233 566 262 est
590 231 780 274 adimpleta,
985 231 1064 273 Fae,
1090 234 1128 263 ut
1151 240 1264 264 cursus
1288 232 1392 264 nostri
1415 234 1504 263 meta.

334 276 493 311 Inchoata
516 279 632 320 gratia,
1036 279 1110 313 Sint
1134 279 1217 312 coeli
1242 279 1374 321 palatia.

279 355 399 385 Prosar.
421 366 475 387 ms.
497 358 640 387 Gulielmi
661 359 756 388 Lovel
778 361 848 388 anni
874 358 957 388 1572.
980 360 1052 389 Cod.
1072 360 1265 388 Ambianens.
1289 357 1353 388 132.

605 500 673 533 272.
714 501 759 533 De
779 510 802 534 s.
825 500 970 534 Johanne
990 502 1145 543 Baptista.

203 579 261 614 la.
287 579 343 613 Ad
368 580 524 614 honorem
549 583 783 623 praecursoris,
910 583 968 617 1b.
992 583 1092 623 Quem
1119 593 1139 616 a
1161 585 1232 617 Deo
1263 583 1458 616 destinatum

288 627 383 661 Omni
408 629 508 663 laude
534 630 703 671 dignioris,
990 632 1115 665 Probat
1139 641 1254 664 nomen
1282 631 1312 664 ei
1337 632 1447 665 datum

335 676 460 710 Nostra
481 678 605 719 psallat
629 678 751 721 concio,
1038 681 1070 712 A
1097 680 1229 713 coelesti
1254 680 1377 715 nuntio.

203 736 262 768 23.
289 733 493 767 salvatorem
519 735 686 778 salutavit,
907 736 967 771 2b.
988 737 1036 770 Et
1057 746 1115 770 nos
1141 738 1247 778 ipsum
1274 738 1460 777 salutemus,

287 781 374 815 Dum
399 783 512 815 venire
537 783 723 826 exsultavit,
993 785 1091 826 Cujus
1118 789 1191 818 ortu
1218 787 1476 827 congaudemus:

335 830 491 864 Mirando
516 833 699 873 praesagio,
1039 834 1121 874 Ave,
1149 834 1203 867 via
1229 835 1333 868 devio.

203 890 261 923 Sa.
289 887 340 920 Tu
364 888 499 922 lucerna
522 887 731 929 firmamenti,
906 890 967 923 3b.
990 892 1029 924 In
1055 900 1117 933 quo
1144 892 1311 925 Christum
1337 892 1468 924 abluisti

289 935 340 970 Tu
364 937 515 970 minister
539 939 734 972 sacramenti
990 939 1038 971 Et
1062 939 1244 972 columbam
1268 941 1459 981 adspexisti,

337 985 440 1018 Primi
466 986 662 1027 baptisterii,
1041 988 1172 1020 Testem
1196 988 1260 1022 Dei
1284 987 1354 1023 filii.

203 1045 261 1078 4a.
288 1043 371 1084 Ave,
399 1044 498 1076 decus
526 1045 699 1085 castitatis,
907 1044 968 1079 4b.
991 1045 1041 1078 Tu
1065 1046 1244 1087 prophetas
1270 1046 1511 1086 consummasti,

286 1091 335 1124 Te
358 1092 465 1132 major
485 1101 551 1125 non
578 1096 628 1125 est
654 1093 689 1126 in
715 1093 801 1125 natis
991 1093 1182 1135 Honorasti‚
1210 1092 1408 1127 confirmasti

337 1139 460 1173 Christi
485 1141 689 1182 testimoni05
1040 1142 1145 1182 Digiti
1170 1142 1302 1175 indicio.

202 1199 260 1232 5a.
288 1198 465 1239 Johannes,
491 1198 604 1231 schola
629 1199 797 1239 virtutum,
909 1199 969 1233 hb.
988 1200 1056 1232 Nos
1076 1200 1218 1241 Christo,
1247 1209 1342 1241 quem
1360 1200 1548 1241 baptizasti,

286 1246 357 1280 Iter
381 1256 464 1287 para
488 1246 583 1280 nobis
609 1250 714 1279 tutum
996 1247 1095 1289 Cujus
1121 1248 1206 1280 viam
1233 1249 1450 1290 praeparasti,

335 1294 470 1336 Facque
496 1295 612 1336 dignos
636 1295 752 1336 venia,
1042 1296 1178 1336 Semper
1201 1297 1389 1329 reconcilia.

281 1376 365 1405 Miss.
386 1385 440 1406 ms.
460 1377 654 1405 Franciscan.
676 1384 753 1406 saec.
777 1375 822 1405 14.
845 1376 917 1406 Cod.
935 1377 1170 1406 Cenomannens.
1192 1376 1259 1406 249.
1273 1377 1309 1405 A.
1388 1379 1442 1407 Mis
1472 1399 1474 1404 .
1498 1387 1553 1406 ms.

204 1415 234 1444 S.
254 1416 339 1444 Petri
359 1415 508 1444 Insulens.
532 1424 608 1444 saec.
633 1414 677 1444 15.
700 1415 773 1444 Cod.
794 1416 942 1445 Insulens.
965 1414 1011 1444 25.
1032 1417 1067 1445 B.
1088 1431 1127 1435 —
1148 1415 1199 1452 ia,
1225 1416 1240 1445 1
1261 1416 1385 1445 lucerna
1404 1417 1553 1446 menteA.

606 1560 673 1593 273.
717 1560 761 1592 De
782 1568 805 1592 s.
827 1560 973 1592 Johanne
993 1557 1151 1600 Baptista.

209 1641 265 1676 1a.
287 1639 361 1673 Vox
387 1641 558 1674 clamantis
583 1642 616 1673 in
646 1643 786 1683 deserto,
916 1640 975 1675 lb.
998 1642 1103 1674 Istum
1130 1641 1246 1673 decent
1272 1641 1443 1681 melodiae,

292 1688 390 1722 More
413 1698 533 1722 sonans
557 1690 743 1731 inexperto,
1001 1689 1101 1730 Cujus
1123 1692 1231 1721 ortum
1257 1689 1436 1722 Zachariae

293 1736 400 1769 Voces
425 1741 555 1770 nostras
579 1738 614 1770 111
641 1741 755 1779 aperto
1001 1738 1125 1770 Missus
1150 1737 1249 1778 idem,
1277 1737 1331 1778 qui
1356 1738 1485 1772 Mariae

345 1785 559 1819 Conclamare
584 1785 698 1821 faciat.
1051 1786 1185 1818 Partum
1211 1784 1317 1825 verbi,
1344 1787 1482 1820 nunt-iat.

210 1847 270 1879 2a.
298 1844 407 1878 Senex
430 1847 536 1879 mater
563 1847 594 1876 et
621 1844 717 1878 effeta
918 1844 978 1877 21).
1002 1842 1111 1876 Verbo
1136 1847 1229 1876 vates
1254 1844 1426 1885 incarnati,

296 1892 394 1926 Nova
418 1892 521 1926 sentit
544 1893 578 1925 in
604 1892 776 1934 propheta,
1001 1890 1244 1926 Praeferendus
1270 1893 1359 1924 omni
1383 1894 1460 1937 vati,

300 1940 394 1981 Quod
418 1945 558 1975 naturae
583 1942 687 1974 nescit
711 1945 799 1974 meta
1003 1939 1151 1973 Necdum
1176 1944 1271 1973 natus
1296 1941 1436 1974 necdum
1461 1943 1528 1975 nati

350 1989 436 2022 Novi
459 1993 575 2031 partus
600 1991 748 2032 gratiam.
1053 1989 1235 2029 Prophetat
1261 1992 1492 2031 praesentiam.

216 2051 273 2084 3a.
301 2048 327 2081 Ο
353 2057 550 2089 praecursor
572 2050 690 2082 summi
712 2049 810 2090 regis,
921 2048 980 2082 31).
1004 2049 1068 2082 Per
1093 2050 1126 2079 te
1151 2048 1237 2080 viam
1261 2050 1439 2091 teneamus,

301 2096 430 2131 Lumen
454 2098 552 2140 vitae,
580 2098 676 2130 limes
702 2097 794 2138 legis,
1009 2098 1040 2130 A
1066 2105 1130 2138 qua
1155 2105 1216 2136 per
1241 2105 1300 2129 nos
1326 2097 1504 2140 deviamus,

304 2145 400 2178 Pium
423 2146 526 2178 melos
551 2146 600 2177 tui
624 2145 732 2187 gregis
1007 2145 1052 2179 Ut
1078 2147 1112 2176 te
1139 2145 1221 2178 duce
1246 2148 1449 2180 transeamus

352 2195 393 2228 In
419 2193 558 2227 sublime
583 2192 719 2228 referas
1053 2193 1142 2227 Hinc
1166 2193 1209 2226 ad
1235 2193 1331 2226 sedes
1357 2204 1501 2236 superas,

296 2282 383 2311 Miss.
404 2290 459 2309 ms.
482 2279 698 2309 Cameracense
717 2287 795 2307 saec.
818 2278 866 2308 14.
886 2278 957 2307 Cod.
982 2279 1187 2308 Cameracens.
1210 2278 1276 2309 123.
1290 2279 1326 2307 A.
1346 2295 1385 2300 —
1404 2282 1489 2311 Miss.
1510 2292 1567 2313 mg,

219 2323 437 2352 Cameracense
457 2327 536 2348 saec.
560 2317 606 2346 14.
627 2318 699 2346 Cocl-
721 2318 926 2348 Cameracens.
950 2316 1014 2347 180.
1038 2319 1072 2347 B.
1093 2334 1132 2338 —
1151 2319 1238 2347 Miss.
1260 2318 1474 2350 Cameracense
1493 2323 1566 2362 imp.

218 2362 347 2391 Parisiis
370 2357 455 2389 1542.
478 2358 510 2388 C.
538 2373 577 2378 -
603 2355 657 2392 2b,
678 2354 699 2386 4
717 2357 870 2393 Propheta
891 2357 923 2385 C.
951 2373 989 2378 —
1017 2355 1070 2393 3a,
1093 2355 1112 2386 3
1132 2358 1179 2386 Tu
1200 2359 1329 2388 sublime
1350 2359 1381 2388 C.
1406 2376 1446 2380 —
1473 2359 1525 2398 3b,
1547 2361 1567 2392 3

219 2403 281 2432 Hic
304 2400 344 2429 acl
364 2399 451 2428 sedes
473 2399 504 2427 C.
525 2412 565 2417 —
585 2397 656 2425 Mel.
677 2396 829 2425 natfirlich
848 2397 980 2426 Verbum
1001 2397 1122 2426 honum.
