1652 2678
649 87 915 123 ——165—

540 178 603 211 216.
644 181 686 213 De
707 183 816 214 saneto
842 181 1028 214 Donatiano.

135 251 194 285 la.
220 251 300 284 Dies
326 251 420 285 nobis
446 255 619 293 reparatur

269 300 429 333 Solemnis
454 300 610 342 laetitiae,

138 359 195 391 2a.
222 358 321 391 Hunc
344 361 518 399 patronum

220 406 312 439 Patri
337 416 455 439 nonum

269 455 386 487 Partus
411 464 494 487 unus
518 455 633 496 edidit,

135 513 195 547 3a.
220 512 287 546 Hic
311 511 440 545 futurus
465 521 522 545 vas
547 512 680 545 honoris

265 560 312 593 Et
334 561 516 601 exemplum
542 561 668 600 ceteris,

133 620 192 653 4a,
219 619 324 660 Aquis
349 619 524 659 absorptus

216 666 319 700 Vivus
343 670 464 707 manet,
492 666 551 699 sed
577 666 709 698 obortus

271 715 401 748 Clamor
424 715 553 754 plangit
575 717 748 755 mortuum,

134 774 190 806 5a.
217 772 243 807 Ο
270 782 364 813 quam
390 771 563 812 pulchrum
579 773 751 805 renovavit

266 821 305 855 In
332 830 369 853 eo
399 820 630 863 spectaculum,

219 869 278 908 Qui
303 869 441 911 Moysen
468 869 673 901 conservavit

262 917 302 950 In
327 917 418 958 aquis
444 916 649 950 infantulum.

133 978 189 1010 oa.
216 976 355 1009 Praesul
378 975 490 1008 Remis
513 977 729 1015 consecratus,

266 1025 431 1063 Acceptus
458 1022 605 1056 omnibus

214 1071 261 1104 Et
281 1071 426 1104 moribus
451 1074 582 1104 ornatus

264 1120 448 1160 Aequitatis
474 1122 564 1152 stans
591 1119 627 1151 in
652 1118 716 1160 via,

133 1179 188 1211 ¹7a.
216 1178 314 1210 Nunc
338 1178 372 1210 in
397 1177 491 1210 bonis
510 1179 746 1209 consummatus

212 1226 274 1258 Est
298 1236 317 1258 a
342 1226 411 1258 Deo
440 1224 681 1258 commendatus

265 1274 373 1315 Signis
401 1276 434 1305 et
457 1273 634 1312 miraculis,

133 1333 189 1367 Sa.
216 1331 314 1365 Miles
328 1334 439 1365 sancto
456 1339 571 1372 preces
585 1333 743 1373 sternens,

214 1380 257 1413 Se
284 1383 472 1421 precantem
499 1379 571 1412 dire
587 1389 745 1419 spernens

263 1430 422 1463 caecatur
448 1428 610 1468 continuo,

129 1488 185 1522 ea.
212 1487 299 1520 Vota
322 1486 468 1519 reddunt
491 1495 552 1526 pro
577 1486 684 1519 salute

259 1535 333 1568 Duo
358 1535 533 1578 paralitici,

212 1593 373 1627 Filiorum
393 1593 574 1634 jugulatrix

210 1642 320 1682 Atque
343 1641 418 1683 viri,
447 1641 523 1674 dum
546 1642 714 1682 peccatrix

261 1690 337 1722 Flet
361 1690 395 1722 in
420 1688 508 1722 ferro
533 1690 670 1730 scelera,

212 1747 289 1788 Ipse
313 1748 416 1788 pedes
442 1747 646 1787 compeditae

260 1797 291 1830 A
311 1797 467 1836 junctura
490 1795 613 1828 natium

308 1843 490 1885 Separavit‚

99 1905 182 1939 12a.
210 1904 310 1944 GuJ'us
335 1910 433 1943 prece

209 1951 278 1985 Nos
304 1961 324 1984 a
348 1949 441 1983 faece

256 1999 385 2041 Mundi,
412 1998 512 2043 Deus,
541 2007 618 2032 erue

103 1594 186 1629 loa.

104 1749 185 1784 lla.

837 255 895 288 lb.
918 254 987 294 Qua
1010 254 1194 287 Donatiano
1222 254 1319 287 datur

969 304 1096 337 Corona
1117 302 1273 342 justitiae.

837 361 896 394 2b.
920 360 980 400 Qui
1007 361 1110 393 creari

919 409 1021 442 Modo
1047 408 1119 449 pari

968 457 1125 497 Septenos
1153 466 1221 490 non
1247 456 1397 491 eredidit.

836 514 895 549 3b.
917 514 1025 547 Decus
1051 515 1138 547 vitae
1162 515 1333 548 sanctioris

962 562 1071 596 Addit
1100 562 1191 596 annis
1217 563 1348 595 teneris.

835 620 894 654 eb.
919 620 1005 653 Dum
1030 622 1098 653 stat
1119 620 1254 653 immota

917 668 1044 701 Natans
1070 677 1168 709 super
1193 677 1265 701 eum
1290 671 1372 709 rota,

965 716 1109 750 Effertur
1133 720 1208 757 post
1232 716 1385 750 triduum.

835 774 894 807 5b.
920 773 1017 808 Cetus
1043 774 1159 807 Jonam
1185 775 1374 808 devoratum

965 821 1090 855 Reddit
1114 826 1224 855 terrae
1248 823 1411 866 sospitem,

915 870 1033 903 Marna
1052 870 1214 911 praebens
1240 870 1430 903 famulatum

965 918 1091 951 Novum
1116 918 1206 951 fovet
1228 919 1399 959 hospitem.

833 976 892 1011 ssb.
914 976 1079 1009 Martham
1102 975 1184 1009 forn
1211 976 1385 1009 exhibebat

963 1025 1028 1058 Per
1047 1025 1262 1057 ministerium

915 1072 980 1105 Sed
1002 1073 1101 1105 otium
1125 1073 1302 1113 quaerebat

963 1121 1055 1153 Intus
1077 1120 1186 1164 idem,
1213 1122 1300 1161 quod
1324 1121 1443 1155 Maria.

831 1179 890 1211 7b.
918 1178 1074 1217 Daemon,
1102 1187 1187 1218 aqua
1211 1178 1369 1211 bulliente

916 1227 998 1267 Quos
1025 1226 1178 1269 caecavit,
1203 1226 1258 1258 hic
1281 1229 1416 1267 repente

962 1274 1086 1306 Lumen
1108 1274 1220 1307 reddit
1245 1275 1359 1308 oculis.

829 1332 888 1367 8b.
908 1332 961 1366 Ex
986 1330 1115 1372 fiagello
1143 1331 1271 1372 culpam
1296 1340 1441 1372 noscens,

911 1380 1003 1420 Quod
1015 1380 1164 1421 negabat,
1183 1389 1259 1413 mox
1270 1380 1442 1421 ignoscens

961 1430 1025 1462 Per
1049 1429 1135 1461 hunc
1160 1429 1251 1461 videt
1277 1429 1392 1462 denuo.

827 1487 887 1522 eb.
912 1486 1097 1520 Gloriantes
1125 1487 1165 1519 de
1188 1487 1310 1519 virtute

960 1535 1041 1568 Tam
1065 1535 1209 1576 potentis
1233 1535 1362 1568 medici.

804 1594 847 1628 10
855 1594 886 1626 b.
909 1594 1029 1627 Sancto
1051 1594 1115 1627 Dei
1140 1593 1314 1634 provoluta

911 1641 1014 1682 Culpa
1038 1640 1190 1682 ferroque
1215 1642 1322 1674 soluta

958 1690 1098 1724 Domum
1124 1690 1212 1722 redit
1234 1689 1351 1724 libera.

803 1748 887 1783 1110.
910 1749 1000 1788 Quae
1023 1747 1204 1788 procedens
1231 1747 1385 1789 expedite

957 1795 1008 1829 De
1033 1797 1139 1828 salute
1162 1795 1314 1836 gaudium

1005 1844 1200 1884 Reportavit

803 1902 888 1939 1270,
910 1902 956 1935 Et,
979 1907 1054 1943 post
1079 1905 1216 1935 mortem

907 1951 1025 1984 Redde
1049 1953 1169 1983 sortem

958 1999 1079 2034 Salutis
1103 2002 1292 2040 perpetuae,

175 2067 260 2096 Miss.
286 2075 342 2095 mS.
371 2066 587 2095 Cameracense
614 2075 692 2095 saec.
721 2065 765 2095 14.
792 2067 863 2096 Cod.
891 2066 1095 2095 Cameracens.
1125 2064 1189 2095 180.
1220 2067 1256 2095 A.
1284 2082 1325 2087 -—
1351 2068 1437 2097 Miss.

95 2117 151 2137 ms.
171 2107 388 2135 Cameracense
412 2114 490 2134 saec.
518 2104 563 2134 15.
585 2105 657 2135 Cod.
679 2105 884 2135 Cameracens.
912 2104 976 2135 151.
998 2107 1031 2135 E.
1051 2121 1092 2126 -—
1111 2105 1196 2134 Miss.
1219 2105 1434 2136 Gameraeense

95 2149 168 2184 imp.
190 2146 319 2175 Parisiis
343 2143 427 2174 1542.
447 2159 487 2164 —-
505 2144 576 2174 Mel.
598 2145 908 2174 selbsvaerstandlieh:
933 2144 1162 2182 Gongaudentes
1182 2145 1374 2174 exsultemus.

434 2239 494 2272 217.
535 2239 580 2271 De
600 2247 641 2272 ss.
662 2239 839 2272 Donatiano
863 2241 894 2272 et
912 2238 1100 2282 Rogatiano.

93 2306 154 2340 la.
181 2304 261 2338 Dies
286 2303 352 2336 ista
377 2303 421 2336 sit
442 2302 598 2344 jucunda,

183 2355 222 2387 In
250 2362 314 2394 qua
339 2351 468 2395 fulgent
493 2352 557 2385 duo
581 2352 702 2386 munda

226 2402 352 2436 Mundo
377 2400 561 2444 luminaria,

798 2302 859 2338 lb.
884 2303 978 2336 Duae
1002 2311 1096 2336 rosae
1119 2304 1296 2345 speciosae,

882 2353 970 2394 Quae
995 2360 1081 2384 nunc
1106 2351 1234 2393 spirant
1258 2353 1397 2393 gloriose

929 2401 967 2434 In
995 2401 1127 2434 coelesti
1153 2402 1252 2435 curia.
