1652 2678
723 41 988 77 -194—

187 145 246 176 2a.
274 143 388 177 Comes
414 141 610 182 Aquitaniae

269 191 458 224 Mandanae
482 190 618 222 militiae

318 239 385 274 Sub
411 238 548 270 habena.

187 307 244 340 3a.
271 306 335 339 Per
359 313 534 345 supernum
559 302 710 335 nuntium

269 354 408 394 Projieit
430 352 486 384 1110
507 350 650 392 gladium

316 401 363 434 Et
384 402 420 432 in
445 408 504 431 ara

185 471 243 503 4a.
269 468 415 508 Imperat
442 462 661 503 daemonibus,

267 514 417 547 Mulieris
441 511 591 544 manibus

315 562 421 594 Datur
446 569 534 594 eura.

185 632 245 664 5a.
270 627 437 662 Toxieatis
461 626 554 659 rabie

269 676 402 711 Homini
425 675 479 708 vel
503 674 628 707 bestiae

267 724 423 758 Medetur
448 723 603 765 quotidie,

315 773 380 806 Res
408 776 458 804 est
482 781 570 805 vera.

184 843 240 876 6a.
267 841 385 873 Pastor
410 839 503 880 bone,
531 847 626 872 serva

266 889 345 929 Nos,
373 888 482 921 hostes
509 896 638 928 enerva,

315 937 366 969 Ne
390 945 449 969 nos
474 939 584 968 teneat

363 985 412 1018 vis
438 987 603 1025 proterva.

885 137 945 171 2b.
968 136 1060 170 Petri
1085 134 1168 174 petit
1196 132 1321 170 limina,

969 184 1065 216 Vitae
1090 182 1209 221 purgat
1236 178 1374 211 crimina

1018 230 1116 261 Vitae
1140 235 1257 267 poena.

885 298 945 333 31).
970 296 1072 330 Offert
1097 291 1295 326 sacrificium

965 345 1085 378 Pastor
1109 341 1217 375 faetus
1242 341 1362 381 ovium,

1017 390 1082 424 Res
1109 392 1160 422 est
1185 389 1284 422 clara.

884 458 945 493 41).
967 458 1090 490 Vivens
1113 458 1150 490 111
1176 455 1371 489 coelestibus

969 506 1076 540 Adest
1100 515 1136 538 se
1161 505 1348 546 petentibus

1018 554 1104 588 Fide
1128 563 1222 596 pura.

886 623 945 658 511.
968 622 1005 655 Si
1029 631 1095 656 non
1120 622 1232 655 verbis
1258 621 1415 662 ereditur,

968 672 1024 705 Ad
1050 671 1261 711 sepulchrum
1288 671 1442 709 cernitur,

971 720 1062 761 Quod
1088 719 1124 752 in
1150 719 1235 752 libro
1260 718 1417 753 scribitur

1019 768 1097 802 Sine
1123 776 1208 803 cera.

885 837 947 871 6b.
968 835 1019 870 Sit
1042 835 1137 869 nobis
1163 837 1280 877 pervia

971 885 1143 919 Coelorum
1167 885 1259 926 regia

1017 934 1057 967 In
1083 934 1324 975 splendoribus,

1068 982 1213 1022 alleluja.

260 1071 349 1100 Grad.
369 1080 424 1099 ms.
445 1071 678 1107 Aquieinctense
697 1077 776 1098 saec.
798 1066 875 1097 15110,
898 1068 969 1096 Ood.
991 1069 1142 1097 Duaeens.
1168 1066 1233 1097 124.
1253 1069 1290 1097 A.
1313 1083 1347 1088 -—
1369 1067 1455 1096 Miss.
1472 1067 1529 1095 Re-

182 1119 284 1139 mense
304 1111 375 1147 imp.
395 1109 522 1138 Parisiis
546 1107 629 1138 1491.
650 1109 686 1136 B.
709 1123 746 1127 —
766 1109 852 1136 Miss.
873 1107 1020 1136 Remense
1039 1108 1111 1144 imp.
1132 1108 1261 1136 Parisiis
1284 1104 1368 1135 1513.
1392 1106 1424 1134 C.

641 1259 710 1292 258.
751 1260 795 1292 De
817 1260 927 1292 saneto
949 1259 1077 1292 Jaeobo.

185 1344 243 1378 la.
269 1342 455 1375 Laudemus
482 1341 646 1381 apostolos

318 1389 441 1423 Christi
466 1392 653 1431 sectatores,

269 1438 411 1471 Nuntios
436 1438 621 1479 benevolos,

317 1486 446 1519 Primos
470 1484 662 1519 fundatores

368 1534 532 1568 Certantis
559 1534 727 1567 eeclesiae.

186 1606 245 1638 2a.
272 1602 424 1643 Jacobus‚
450 1602 505 1643 qui
528 1602 697 1643 proximus

317 1650 382 1683 Est
401 1650 469 1683 filio
493 1650 558 1683 Dei

273 1699 464 1740 Christoque
486 1699 680 1740 simillimus,

318 1747 424 1780 Natus
449 1747 621 1788 Zebedaei,

368 1795 447 1830 Jesu
474 1804 580 1829 comes
603 1796 720 1838 socius,

189 1867 249 1900 3a.
276 1864 416 1897 Errores
441 1864 585 1897 eliminat

319 1912 427 1945 Malos
453 1913 664 1957 Judaeorum,

270 1960 433 1994 Haereses
458 1962 654 1994 exterminat

321 2008 445 2042 Pravas
469 2009 632 2043 idolorum

367 2058 548 2091 Veritatem
571 2058 777 2098 praedicans.

188 2128 246 2159 4a.
273 2125 418 2166 Populus
444 2124 613 2158 falsidicus

322 2173 517 2214 Apostolum
541 2174 671 2215 premit,

271 2221 422 2254 Herodes
445 2221 611 2255 maleficus

324 2269 479 2302 Jacobum
507 2270 657 2311 peremit,

371 2317 443 2351 Rex
469 2319 621 2360 erudelis⁷
647 2319 776 2360 impius.

886 1341 946 1374 1b.
970 1340 1119 1373 Murales
1144 1339 1323 1382 peribolos,

1020 1389 1150 1431 Templi
1176 1387 1379 1431 defensores,

969 1437 1069 1471 Fidei
1094 1438 1258 1470 nuntiolos

1019 1486 1086 1519 Sed
1110 1486 1357 1526 praedicatores

1068 1535 1176 1568 Verae
1201 1534 1395 1575 sapientiae.

886 1602 947 1635 ab.
972 1603 1150 1642 Apostolus
1177 1602 1318 1643 optimus

1019 1650 1183 1692 Fideique
1206 1652 1289 1693 spei,

970 1698 1069 1732 Miles
1094 1699 1347 1739 illustrissimus,

1020 1747 1131 1780 Fortis
1153 1748 1247 1789 aciei,

1071 1797 1251 1830 Salvatoris
1277 1798 1397 1839 regius,

888 1864 948 1900 3b.
971 1865 1099 1898 Bonum
1124 1874 1235 1898 semen
1260 1866 1400 1898 seminat

1023 1913 1197 1947 Sacrorum
1223 1912 1399 1946 verborum

977 1962 1098 1995 caecos
1123 1970 1164 1993 ae
1188 1961 1355 1993 illuminat

1023 2011 1138 2043 Plures
1165 2007 1366 2049 perfidorum

1069 2056 1239 2098 Exemplis
1265 2056 1455 2091 aedificans.

890 2125 950 2161 4b.
973 2126 1079 2166 Jews,
1106 2134 1164 2157 nos
1189 2123 1352 2159 beneficus

1024 2173 1087 2215 Qui
1110 2177 1201 2205 terra
1223 2171 1375 2212 redemit,

975 2223 1070 2255 Tune
1093 2229 1212 2261 eorpus
1237 2218 1403 2252 salvificus

1024 2270 1087 2303 Via
1111 2277 1203 2303 suum
1230 2267 1332 2301 demit

1069 2318 1158 2352 Mari
1182 2316 1318 2349 tradens
1343 2316 1486 2352 brevius.
