<?xml version="1.0" encoding="UTF-8"?>
<!DOCTYPE html PUBLIC "-//W3C//DTD XHTML 1.0 Transitional//EN"
    "http://www.w3.org/TR/xhtml1/DTD/xhtml1-transitional.dtd">
<html xmlns="http://www.w3.org/1999/xhtml" xml:lang="en" lang="en">
 <head>
  <title>
</title>
<meta http-equiv="Content-Type" content="text/html;charset=utf-8" />
  <meta name='ocr-system' content='tesseract 3.04.00' />
  <meta name='ocr-capabilities' content='ocr_page ocr_carea ocr_par ocr_line ocrx_word'/>
</head>
<body>
  <div class='ocr_page' id='page_1' title='image "./analectahymnica10drevuoft_00233.png"; bbox 0 0 1652 2678; ppageno 0'>
   <div class='ocr_carea' id='block_1_1' title="bbox 658 102 924 136">
    <p class='ocr_par' dir='ltr' id='par_1_1' title="bbox 658 102 924 136">
     <span class='ocr_line' id='line_1_1' title="bbox 658 102 924 136; baseline -0.004 0"><span class='ocrx_word' id='word_1_1' title='bbox 658 102 924 136; x_wconf 82' lang='lat'>-230—</span> 
     </span>
    </p>
   </div>
   <div class='ocr_carea' id='block_1_2' title="bbox 150 200 648 289">
    <p class='ocr_par' dir='ltr' id='par_1_2' title="bbox 150 200 648 289">
     <span class='ocr_line' id='line_1_2' title="bbox 150 200 622 235; baseline -0.008 0"><span class='ocrx_word' id='word_1_2' title='bbox 150 204 208 235; x_wconf 67' lang='lat'>221.</span> <span class='ocrx_word' id='word_1_3' title='bbox 234 200 429 233; x_wconf 84' lang='lat' dir='ltr'><strong>Laurentius</strong></span> <span class='ocrx_word' id='word_1_4' title='bbox 453 202 488 233; x_wconf 92' lang='lat' dir='ltr'>in</span> <span class='ocrx_word' id='word_1_5' title='bbox 514 200 622 234; x_wconf 84' lang='lat' dir='ltr'>anima</span> 
     </span>
     <span class='ocr_line' id='line_1_3' title="bbox 234 247 648 289; baseline -0.005 -9"><span class='ocrx_word' id='word_1_6' title='bbox 234 247 324 281; x_wconf 86' lang='lat' dir='ltr'>Coeli</span> <span class='ocrx_word' id='word_1_7' title='bbox 346 251 499 289; x_wconf 83' lang='lat' dir='ltr'>penetrat</span> <span class='ocrx_word' id='word_1_8' title='bbox 521 248 648 287; x_wconf 83' lang='lat' dir='ltr'>intima,</span> 
     </span>
    </p>
   </div>
   <div class='ocr_carea' id='block_1_3' title="bbox 149 313 762 403">
    <p class='ocr_par' dir='ltr' id='par_1_3' title="bbox 149 313 762 403">
     <span class='ocr_line' id='line_1_4' title="bbox 149 313 680 356; baseline -0.009 -6"><span class='ocrx_word' id='word_1_9' title='bbox 149 318 206 350; x_wconf 81' lang='lat' dir='ltr'>3a.</span> <span class='ocrx_word' id='word_1_10' title='bbox 230 316 357 347; x_wconf 86' lang='lat' dir='ltr'>Aurum</span> <span class='ocrx_word' id='word_1_11' title='bbox 381 318 539 356; x_wconf 82' lang='lat' dir='ltr'>purgatur</span> <span class='ocrx_word' id='word_1_12' title='bbox 564 313 680 351; x_wconf 81' lang='lat' dir='ltr'>sooria,</span> 
     </span>
     <span class='ocr_line' id='line_1_5' title="bbox 280 359 762 403; baseline -0.01 -8"><span class='ocrx_word' id='word_1_13' title='bbox 280 363 380 395; x_wconf 87' lang='lat' dir='ltr'>Flens</span> <span class='ocrx_word' id='word_1_14' title='bbox 394 363 532 403; x_wconf 87' lang='lat' dir='ltr'>adeptus</span> <span class='ocrx_word' id='word_1_15' title='bbox 542 364 591 392; x_wconf 89' lang='lat' dir='ltr'>est</span> <span class='ocrx_word' id='word_1_16' title='bbox 600 359 762 400; x_wconf 85' lang='lat' dir='ltr'>gaudium,</span> 
     </span>
    </p>
   </div>
   <div class='ocr_carea' id='block_1_4' title="bbox 148 426 742 514">
    <p class='ocr_par' dir='ltr' id='par_1_4' title="bbox 148 426 742 514">
     <span class='ocr_line' id='line_1_6' title="bbox 148 426 667 468; baseline -0.012 -5"><span class='ocrx_word' id='word_1_17' title='bbox 148 432 208 464; x_wconf 81' lang='lat' dir='ltr'>4a.</span> <span class='ocrx_word' id='word_1_18' title='bbox 235 430 336 461; x_wconf 83' lang='lat' dir='ltr'>Testa</span> <span class='ocrx_word' id='word_1_19' title='bbox 362 428 496 468; x_wconf 79' lang='lat' dir='ltr'>deponit</span> <span class='ocrx_word' id='word_1_20' title='bbox 517 426 667 460; x_wconf 82' lang='lat' dir='ltr'>nucleum</span> 
     </span>
     <span class='ocr_line' id='line_1_7' title="bbox 280 473 742 514; baseline -0.006 -6"><span class='ocrx_word' id='word_1_21' title='bbox 280 477 326 509; x_wconf 88' lang='lat' dir='ltr'>Et</span> <span class='ocrx_word' id='word_1_22' title='bbox 347 476 413 508; x_wconf 90' lang='lat' dir='ltr'>mel</span> <span class='ocrx_word' id='word_1_23' title='bbox 439 476 481 508; x_wconf 91' lang='lat' dir='ltr'>de</span> <span class='ocrx_word' id='word_1_24' title='bbox 504 483 580 507; x_wconf 85' lang='lat' dir='ltr'>cera</span> <span class='ocrx_word' id='word_1_25' title='bbox 603 473 742 514; x_wconf 84' lang='lat' dir='ltr'>rapitur,</span> 
     </span>
    </p>
   </div>
   <div class='ocr_carea' id='block_1_5' title="bbox 149 539 677 629">
    <p class='ocr_par' dir='ltr' id='par_1_5' title="bbox 149 539 677 629">
     <span class='ocr_line' id='line_1_8' title="bbox 149 539 677 582; baseline -0.013 -4"><span class='ocrx_word' id='word_1_26' title='bbox 149 548 205 578; x_wconf 85' lang='lat' dir='ltr'>5a.</span> <span class='ocrx_word' id='word_1_27' title='bbox 230 543 287 575; x_wconf 90' lang='lat' dir='ltr'>Ad</span> <span class='ocrx_word' id='word_1_28' title='bbox 311 544 439 582; x_wconf 86' lang='lat' dir='ltr'>patrem</span> <span class='ocrx_word' id='word_1_29' title='bbox 463 540 556 574; x_wconf 83' lang='lat' dir='ltr'>vadit</span> <span class='ocrx_word' id='word_1_30' title='bbox 579 539 677 581; x_wconf 86' lang='lat' dir='ltr'>filius,</span> 
     </span>
     <span class='ocr_line' id='line_1_9' title="bbox 233 587 665 629; baseline -0.005 -7"><span class='ocrx_word' id='word_1_31' title='bbox 233 590 288 622; x_wconf 90' lang='lat' dir='ltr'>Ad</span> <span class='ocrx_word' id='word_1_32' title='bbox 314 589 416 621; x_wconf 85' lang='lat' dir='ltr'>solem</span> <span class='ocrx_word' id='word_1_33' title='bbox 441 598 517 621; x_wconf 76' lang='lat' dir='ltr'>suus</span> <span class='ocrx_word' id='word_1_34' title='bbox 542 587 665 629; x_wconf 81' lang='lat' dir='ltr'>radius,</span> 
     </span>
    </p>
   </div>
   <div class='ocr_carea' id='block_1_6' title="bbox 150 655 674 744">
    <p class='ocr_par' dir='ltr' id='par_1_6' title="bbox 150 655 674 744">
     <span class='ocr_line' id='line_1_10' title="bbox 150 655 674 697; baseline -0.011 -4"><span class='ocrx_word' id='word_1_35' title='bbox 150 660 192 693; x_wconf 82' lang='lat'>6:</span> <span class='ocrx_word' id='word_1_36' title='bbox 234 656 300 689; x_wconf 82' lang='lat' dir='ltr'>Hie</span> <span class='ocrx_word' id='word_1_37' title='bbox 324 665 360 688; x_wconf 85' lang='lat' dir='ltr'>se</span> <span class='ocrx_word' id='word_1_38' title='bbox 384 664 494 688; x_wconf 91' lang='lat' dir='ltr'>senem</span> <span class='ocrx_word' id='word_1_39' title='bbox 518 655 674 697; x_wconf 87' lang='lat' dir='ltr'>puerulus</span> 
     </span>
     <span class='ocr_line' id='line_1_11' title="bbox 278 703 664 744; baseline -0.003 -8"><span class='ocrx_word' id='word_1_40' title='bbox 278 704 478 737; x_wconf 76' lang='lat' dir='ltr'>Monstravit</span> <span class='ocrx_word' id='word_1_41' title='bbox 502 703 664 744; x_wconf 78' lang='lat' dir='ltr'>sapientia</span> 
     </span>
    </p>
   </div>
   <div class='ocr_carea' id='block_1_7' title="bbox 152 771 690 958">
    <p class='ocr_par' dir='ltr' id='par_1_7' title="bbox 152 771 690 958">
     <span class='ocr_line' id='line_1_12' title="bbox 152 771 652 808; baseline -0.008 -1"><span class='ocrx_word' id='word_1_42' title='bbox 152 776 208 808; x_wconf 85' lang='lat' dir='ltr'>7a.</span> <span class='ocrx_word' id='word_1_43' title='bbox 235 773 354 806; x_wconf 88' lang='lat' dir='ltr'>Pastus</span> <span class='ocrx_word' id='word_1_44' title='bbox 379 773 525 805; x_wconf 81' lang='lat' dir='ltr'>medulla</span> <span class='ocrx_word' id='word_1_45' title='bbox 549 771 652 804; x_wconf 77' lang='lat' dir='ltr'>tritici</span> 
     </span>
     <span class='ocr_line' id='line_1_13' title="bbox 233 820 597 861; baseline -0.005 -7"><span class='ocrx_word' id='word_1_46' title='bbox 233 820 448 854; x_wconf 87' lang='lat' dir='ltr'>Renuntiavit</span> <span class='ocrx_word' id='word_1_47' title='bbox 474 820 597 861; x_wconf 76' lang='lat' dir='ltr'>cortici,</span> 
     </span>
     <span class='ocr_line' id='line_1_14' title="bbox 231 867 660 909; baseline -0.002 -8"><span class='ocrx_word' id='word_1_48' title='bbox 231 869 393 909; x_wconf 90' lang='lat' dir='ltr'>Impulsus</span> <span class='ocrx_word' id='word_1_49' title='bbox 418 869 512 902; x_wconf 92' lang='lat' dir='ltr'>hoste</span> <span class='ocrx_word' id='word_1_50' title='bbox 538 867 660 909; x_wconf 82' lang='lat' dir='ltr'>triplici</span> 
     </span>
     <span class='ocr_line' id='line_1_15' title="bbox 234 914 690 958; baseline -0.002 -9"><span class='ocrx_word' id='word_1_51' title='bbox 234 917 408 958; x_wconf 84' lang='lat' dir='ltr'>Nunquam</span> <span class='ocrx_word' id='word_1_52' title='bbox 433 918 541 958; x_wconf 83' lang='lat' dir='ltr'>potuit</span> <span class='ocrx_word' id='word_1_53' title='bbox 565 914 690 957; x_wconf 83' lang='lat' dir='ltr'>subjici.</span> 
     </span>
    </p>
   </div>
   <div class='ocr_carea' id='block_1_8' title="bbox 151 984 764 1170">
    <p class='ocr_par' dir='ltr' id='par_1_8' title="bbox 151 984 764 1170">
     <span class='ocr_line' id='line_1_16' title="bbox 151 984 652 1026; baseline -0.008 -6"><span class='ocrx_word' id='word_1_54' title='bbox 151 988 208 1020; x_wconf 82' lang='lat' dir='ltr'>Sa.</span> <span class='ocrx_word' id='word_1_55' title='bbox 236 985 341 1017; x_wconf 83' lang='lat' dir='ltr'>Natus</span> <span class='ocrx_word' id='word_1_56' title='bbox 368 985 409 1017; x_wconf 92' lang='lat' dir='ltr'>de</span> <span class='ocrx_word' id='word_1_57' title='bbox 433 985 537 1026; x_wconf 82' lang='lat' dir='ltr'>stirpe</span> <span class='ocrx_word' id='word_1_58' title='bbox 561 984 652 1025; x_wconf 86' lang='lat' dir='ltr'>regia</span> 
     </span>
     <span class='ocr_line' id='line_1_17' title="bbox 283 1032 692 1074; baseline -0.005 -8"><span class='ocrx_word' id='word_1_59' title='bbox 283 1032 325 1065; x_wconf 86' lang='lat' dir='ltr'>Se</span> <span class='ocrx_word' id='word_1_60' title='bbox 350 1033 441 1066; x_wconf 83' lang='lat' dir='ltr'>vovit</span> <span class='ocrx_word' id='word_1_61' title='bbox 464 1033 535 1074; x_wconf 85' lang='lat' dir='ltr'>regi</span> <span class='ocrx_word' id='word_1_62' title='bbox 559 1032 692 1074; x_wconf 82' lang='lat' dir='ltr'>gloriae,</span> 
     </span>
     <span class='ocr_line' id='line_1_18' title="bbox 235 1081 554 1114; baseline -0.003 0"><span class='ocrx_word' id='word_1_63' title='bbox 235 1081 413 1114; x_wconf 88' lang='lat' dir='ltr'>Duodenus</span> <span class='ocrx_word' id='word_1_64' title='bbox 439 1082 554 1114; x_wconf 81' lang='lat' dir='ltr'>exsilia</span> 
     </span>
     <span class='ocr_line' id='line_1_19' title="bbox 281 1129 764 1170; baseline -0.002 -8"><span class='ocrx_word' id='word_1_65' title='bbox 281 1129 402 1162; x_wconf 85' lang='lat' dir='ltr'>Passus</span> <span class='ocrx_word' id='word_1_66' title='bbox 434 1139 494 1170; x_wconf 89' lang='lat' dir='ltr'>pro</span> <span class='ocrx_word' id='word_1_67' title='bbox 520 1137 602 1170; x_wconf 86' lang='lat' dir='ltr'>paee</span> <span class='ocrx_word' id='word_1_68' title='bbox 626 1130 764 1170; x_wconf 80' lang='lat' dir='ltr'><strong>patriae.</strong></span> 
     </span>
    </p>
   </div>
   <div class='ocr_carea' id='block_1_9' title="bbox 151 1197 656 1285">
    <p class='ocr_par' dir='ltr' id='par_1_9' title="bbox 151 1197 656 1285">
     <span class='ocr_line' id='line_1_20' title="bbox 151 1197 625 1237; baseline -0.008 -5"><span class='ocrx_word' id='word_1_69' title='bbox 151 1200 213 1232; x_wconf 83' lang='lat' dir='ltr'>9a.</span> <span class='ocrx_word' id='word_1_70' title='bbox 239 1197 306 1230; x_wconf 82' lang='lat' dir='ltr'>Hic</span> <span class='ocrx_word' id='word_1_71' title='bbox 329 1197 393 1229; x_wconf 86' lang='lat' dir='ltr'>Dei</span> <span class='ocrx_word' id='word_1_72' title='bbox 417 1197 625 1237; x_wconf 89' lang='lat' dir='ltr'>providentia</span> 
     </span>
     <span class='ocr_line' id='line_1_21' title="bbox 285 1244 656 1285; baseline -0.005 -7"><span class='ocrx_word' id='word_1_73' title='bbox 285 1244 434 1278; x_wconf 80' lang='lat' dir='ltr'>Praefuit</span> <span class='ocrx_word' id='word_1_74' title='bbox 458 1245 656 1285; x_wconf 85' lang='lat' dir='ltr'>Dubiliniae,</span> 
     </span>
    </p>
   </div>
   <div class='ocr_carea' id='block_1_10' title="bbox 129 1311 639 1400">
    <p class='ocr_par' dir='ltr' id='par_1_10' title="bbox 129 1311 639 1400">
     <span class='ocr_line' id='line_1_22' title="bbox 129 1311 639 1347; baseline -0.008 0"><span class='ocrx_word' id='word_1_75' title='bbox 129 1314 212 1347; x_wconf 71' lang='lat'>1021.</span> <span class='ocrx_word' id='word_1_76' title='bbox 239 1311 336 1344; x_wconf 82' lang='lat' dir='ltr'>Fleat</span> <span class='ocrx_word' id='word_1_77' title='bbox 359 1320 446 1344; x_wconf 83' lang='lat' dir='ltr'>nune</span> <span class='ocrx_word' id='word_1_78' title='bbox 468 1311 639 1344; x_wconf 88' lang='lat' dir='ltr'>Dubil&#39;mia</span> 
     </span>
     <span class='ocr_line' id='line_1_23' title="bbox 285 1359 636 1400; baseline -0.003 -8"><span class='ocrx_word' id='word_1_79' title='bbox 285 1359 349 1392; x_wconf 83' lang='lat' dir='ltr'>Suo</span> <span class='ocrx_word' id='word_1_80' title='bbox 372 1360 503 1400; x_wconf 81' lang='lat' dir='ltr'>privata</span> <span class='ocrx_word' id='word_1_81' title='bbox 529 1359 636 1399; x_wconf 85' lang='lat' dir='ltr'>eapite</span> 
     </span>
    </p>
   </div>
   <div class='ocr_carea' id='block_1_11' title="bbox 132 1426 703 1519">
    <p class='ocr_par' dir='ltr' id='par_1_11' title="bbox 132 1426 703 1519">
     <span class='ocr_line' id='line_1_24' title="bbox 132 1426 703 1468; baseline -0.004 -6"><span class='ocrx_word' id='word_1_82' title='bbox 132 1429 174 1462; x_wconf 85' lang='lat'>11</span> <span class='ocrx_word' id='word_1_83' title='bbox 184 1436 213 1462; x_wconf 86' lang='lat' dir='ltr'>a.</span> <span class='ocrx_word' id='word_1_84' title='bbox 241 1426 291 1459; x_wconf 88' lang='lat' dir='ltr'>Sit</span> <span class='ocrx_word' id='word_1_85' title='bbox 315 1428 386 1460; x_wconf 89' lang='lat' dir='ltr'>laus</span> <span class='ocrx_word' id='word_1_86' title='bbox 411 1427 503 1467; x_wconf 86' lang='lat' dir='ltr'>patri</span> <span class='ocrx_word' id='word_1_87' title='bbox 527 1435 599 1459; x_wconf 85' lang='lat' dir='ltr'>cum</span> <span class='ocrx_word' id='word_1_88' title='bbox 624 1426 703 1468; x_wconf 89' lang='lat' dir='ltr'>filio,</span> 
     </span>
     <span class='ocr_line' id='line_1_25' title="bbox 284 1475 688 1519; baseline -0.002 -11"><span class='ocrx_word' id='word_1_89' title='bbox 284 1475 403 1508; x_wconf 80' lang='lat' dir='ltr'>Sancto</span> <span class='ocrx_word' id='word_1_90' title='bbox 427 1475 523 1508; x_wconf 87' lang='lat' dir='ltr'>simul</span> <span class='ocrx_word' id='word_1_91' title='bbox 548 1475 688 1519; x_wconf 85' lang='lat' dir='ltr'>spiritui,</span> 
     </span>
    </p>
   </div>
   <div class='ocr_carea' id='block_1_12' title="bbox 845 189 1420 277">
    <p class='ocr_par' dir='ltr' id='par_1_12' title="bbox 845 189 1420 277">
     <span class='ocr_line' id='line_1_26' title="bbox 845 189 1391 229; baseline -0.016 0"><span class='ocrx_word' id='word_1_92' title='bbox 845 197 906 229; x_wconf 88' lang='lat' dir='ltr'>2b.</span> <span class='ocrx_word' id='word_1_93' title='bbox 929 194 994 226; x_wconf 88' lang='lat' dir='ltr'>Sed</span> <span class='ocrx_word' id='word_1_94' title='bbox 1022 202 1096 224; x_wconf 84' lang='lat' dir='ltr'>ossa</span> <span class='ocrx_word' id='word_1_95' title='bbox 1120 191 1215 223; x_wconf 88' lang='lat' dir='ltr'>nobis</span> <span class='ocrx_word' id='word_1_96' title='bbox 1239 189 1391 229; x_wconf 81' lang='lat' dir='ltr'>proxima</span> 
     </span>
     <span class='ocr_line' id='line_1_27' title="bbox 929 237 1420 277; baseline -0.004 -4"><span class='ocrx_word' id='word_1_97' title='bbox 929 240 1108 274; x_wconf 87' lang='lat' dir='ltr'>Commoda</span> <span class='ocrx_word' id='word_1_98' title='bbox 1133 237 1244 270; x_wconf 84' lang='lat' dir='ltr'>ferunt</span> <span class='ocrx_word' id='word_1_99' title='bbox 1267 237 1420 277; x_wconf 84' lang='lat' dir='ltr'>plurima.</span> 
     </span>
    </p>
   </div>
   <div class='ocr_carea' id='block_1_13' title="bbox 848 305 1414 387">
    <p class='ocr_par' dir='ltr' id='par_1_13' title="bbox 848 305 1414 387">
     <span class='ocr_line' id='line_1_28' title="bbox 848 305 1334 346; baseline -0.016 -2"><span class='ocrx_word' id='word_1_100' title='bbox 848 308 909 344; x_wconf 74' lang='lat'>31³.</span> <span class='ocrx_word' id='word_1_101' title='bbox 933 307 1038 340; x_wconf 85' lang='lat' dir='ltr'>Exsul</span> <span class='ocrx_word' id='word_1_102' title='bbox 1062 307 1190 339; x_wconf 79' lang='lat' dir='ltr'>locatur</span> <span class='ocrx_word' id='word_1_103' title='bbox 1215 305 1334 346; x_wconf 84' lang='lat' dir='ltr'>patria,</span> 
     </span>
     <span class='ocr_line' id='line_1_29' title="bbox 980 352 1414 387; baseline 0 -1"><span class='ocrx_word' id='word_1_104' title='bbox 980 354 1107 387; x_wconf 84' lang='lat' dir='ltr'>Victori</span> <span class='ocrx_word' id='word_1_105' title='bbox 1133 354 1231 386; x_wconf 86' lang='lat' dir='ltr'>datur</span> <span class='ocrx_word' id='word_1_106' title='bbox 1254 352 1414 386; x_wconf 80' lang='lat' dir='ltr'>bravium.</span> 
     </span>
    </p>
   </div>
   <div class='ocr_carea' id='block_1_14' title="bbox 847 420 1414 511">
    <p class='ocr_par' dir='ltr' id='par_1_14' title="bbox 847 420 1414 511">
     <span class='ocr_line' id='line_1_30' title="bbox 847 420 1350 460; baseline -0.012 -2"><span class='ocrx_word' id='word_1_107' title='bbox 847 423 907 458; x_wconf 83' lang='lat' dir='ltr'>4b.</span> <span class='ocrx_word' id='word_1_108' title='bbox 930 424 1075 456; x_wconf 84' lang='lat' dir='ltr'>Amurea</span> <span class='ocrx_word' id='word_1_109' title='bbox 1099 420 1210 454; x_wconf 87' lang='lat' dir='ltr'>fundit</span> <span class='ocrx_word' id='word_1_110' title='bbox 1233 421 1350 460; x_wconf 89' lang='lat' dir='ltr'>oleum,</span> 
     </span>
     <span class='ocr_line' id='line_1_31' title="bbox 982 469 1414 511; baseline -0.007 -7"><span class='ocrx_word' id='word_1_111' title='bbox 982 470 1128 504; x_wconf 86' lang='lat' dir='ltr'>Granum</span> <span class='ocrx_word' id='word_1_112' title='bbox 1156 470 1253 511; x_wconf 82' lang='lat' dir='ltr'>palea</span> <span class='ocrx_word' id='word_1_113' title='bbox 1277 469 1414 502; x_wconf 86' lang='lat' dir='ltr'>tollitur.</span> 
     </span>
    </p>
   </div>
   <div class='ocr_carea' id='block_1_15' title="bbox 849 537 1391 620">
    <p class='ocr_par' dir='ltr' id='par_1_15' title="bbox 849 537 1391 620">
     <span class='ocr_line' id='line_1_32' title="bbox 849 537 1383 580; baseline -0.007 -7"><span class='ocrx_word' id='word_1_114' title='bbox 849 538 909 574; x_wconf 88' lang='lat' dir='ltr'>5b.</span> <span class='ocrx_word' id='word_1_115' title='bbox 934 539 991 571; x_wconf 88' lang='lat' dir='ltr'>Ad</span> <span class='ocrx_word' id='word_1_116' title='bbox 1013 538 1217 570; x_wconf 79' lang='lat' dir='ltr'>nuntiantem</span> <span class='ocrx_word' id='word_1_117' title='bbox 1241 537 1383 580; x_wconf 89' lang='lat' dir='ltr'>nuntius,</span> 
     </span>
     <span class='ocr_line' id='line_1_33' title="bbox 932 585 1391 620; baseline 0 0"><span class='ocrx_word' id='word_1_118' title='bbox 932 587 987 620; x_wconf 85' lang='lat' dir='ltr'>Ad</span> <span class='ocrx_word' id='word_1_119' title='bbox 1012 587 1158 619; x_wconf 89' lang='lat' dir='ltr'>lauream</span> <span class='ocrx_word' id='word_1_120' title='bbox 1182 585 1391 620; x_wconf 86' lang='lat' dir='ltr'>Laurentius.</span> 
     </span>
    </p>
   </div>
   <div class='ocr_carea' id='block_1_16' title="bbox 850 654 1390 737">
    <p class='ocr_par' dir='ltr' id='par_1_16' title="bbox 850 654 1390 737">
     <span class='ocr_line' id='line_1_34' title="bbox 850 654 1373 695; baseline -0.008 -5"><span class='ocrx_word' id='word_1_121' title='bbox 850 655 909 691; x_wconf 88' lang='lat' dir='ltr'>6b.</span> <span class='ocrx_word' id='word_1_122' title='bbox 931 655 978 688; x_wconf 89' lang='lat' dir='ltr'>Et</span> <span class='ocrx_word' id='word_1_123' title='bbox 1001 655 1167 688; x_wconf 84' lang='lat' dir='ltr'>doctorem</span> <span class='ocrx_word' id='word_1_124' title='bbox 1194 654 1373 695; x_wconf 82' lang='lat' dir='ltr'>discipulus</span> 
     </span>
     <span class='ocr_line' id='line_1_35' title="bbox 982 702 1390 737; baseline 0 -1"><span class='ocrx_word' id='word_1_125' title='bbox 982 703 1104 737; x_wconf 85' lang='lat' dir='ltr'>Divina</span> <span class='ocrx_word' id='word_1_126' title='bbox 1130 704 1248 737; x_wconf 84' lang='lat' dir='ltr'>doeens</span> <span class='ocrx_word' id='word_1_127' title='bbox 1273 702 1390 736; x_wconf 85' lang='lat' dir='ltr'>studia.</span> 
     </span>
    </p>
   </div>
   <div class='ocr_carea' id='block_1_17' title="bbox 850 771 1407 958">
    <p class='ocr_par' dir='ltr' id='par_1_17' title="bbox 850 771 1407 958">
     <span class='ocr_line' id='line_1_36' title="bbox 850 771 1369 807; baseline -0.01 0"><span class='ocrx_word' id='word_1_128' title='bbox 850 771 909 807; x_wconf 86' lang='lat' dir='ltr'>7b.</span> <span class='ocrx_word' id='word_1_129' title='bbox 937 771 1074 804; x_wconf 84' lang='lat' dir='ltr'>Carnem</span> <span class='ocrx_word' id='word_1_130' title='bbox 1101 772 1235 804; x_wconf 83' lang='lat' dir='ltr'>domans</span> <span class='ocrx_word' id='word_1_131' title='bbox 1263 771 1369 803; x_wconf 83' lang='lat' dir='ltr'>cilicio</span> 
     </span>
     <span class='ocr_line' id='line_1_37' title="bbox 932 819 1407 852; baseline 0 0"><span class='ocrx_word' id='word_1_132' title='bbox 932 820 1094 852; x_wconf 88' lang='lat' dir='ltr'>Mundum</span> <span class='ocrx_word' id='word_1_133' title='bbox 1120 819 1274 852; x_wconf 86' lang='lat' dir='ltr'>domandi</span> <span class='ocrx_word' id='word_1_134' title='bbox 1298 819 1407 852; x_wconf 90' lang='lat' dir='ltr'>studio</span> 
     </span>
     <span class='ocr_line' id='line_1_38' title="bbox 933 867 1389 909; baseline -0.004 -8"><span class='ocrx_word' id='word_1_135' title='bbox 933 868 1095 909; x_wconf 81' lang='lat' dir='ltr'>Pugnavit</span> <span class='ocrx_word' id='word_1_136' title='bbox 1120 877 1194 900; x_wconf 89' lang='lat' dir='ltr'>eum</span> <span class='ocrx_word' id='word_1_137' title='bbox 1220 867 1389 901; x_wconf 86' lang='lat' dir='ltr'>daemonio</span> 
     </span>
     <span class='ocr_line' id='line_1_39' title="bbox 936 915 1284 958; baseline 0 -9"><span class='ocrx_word' id='word_1_138' title='bbox 936 916 1140 949; x_wconf 86' lang='lat' dir='ltr'>Humilitatis</span> <span class='ocrx_word' id='word_1_139' title='bbox 1162 915 1284 958; x_wconf 82' lang='lat' dir='ltr'>gladio.</span> 
     </span>
    </p>
   </div>
   <div class='ocr_carea' id='block_1_18' title="bbox 852 982 1466 1171">
    <p class='ocr_par' dir='ltr' id='par_1_18' title="bbox 852 982 1466 1171">
     <span class='ocr_line' id='line_1_40' title="bbox 852 982 1355 1019; baseline -0.008 0"><span class='ocrx_word' id='word_1_140' title='bbox 852 984 912 1019; x_wconf 85' lang='lat' dir='ltr'>8b.</span> <span class='ocrx_word' id='word_1_141' title='bbox 934 984 1001 1017; x_wconf 84' lang='lat' dir='ltr'>Hie</span> <span class='ocrx_word' id='word_1_142' title='bbox 1025 984 1128 1016; x_wconf 86' lang='lat' dir='ltr'>abbas</span> <span class='ocrx_word' id='word_1_143' title='bbox 1153 982 1217 1016; x_wconf 74' lang='lat' dir='ltr'>fuit</span> <span class='ocrx_word' id='word_1_144' title='bbox 1239 983 1355 1016; x_wconf 87' lang='lat' dir='ltr'>ordine</span> 
     </span>
     <span class='ocr_line' id='line_1_41' title="bbox 984 1032 1465 1077; baseline -0.002 -12"><span class='ocrx_word' id='word_1_145' title='bbox 984 1032 1050 1065; x_wconf 88' lang='lat' dir='ltr'>Sed</span> <span class='ocrx_word' id='word_1_146' title='bbox 1068 1042 1135 1065; x_wconf 89' lang='lat' dir='ltr'>non</span> <span class='ocrx_word' id='word_1_147' title='bbox 1147 1041 1264 1066; x_wconf 81' lang='lat' dir='ltr'>curans</span> <span class='ocrx_word' id='word_1_148' title='bbox 1280 1032 1465 1077; x_wconf 82' lang='lat' dir='ltr'>dominium,</span> 
     </span>
     <span class='ocr_line' id='line_1_42' title="bbox 936 1079 1398 1113; baseline -0.002 0"><span class='ocrx_word' id='word_1_149' title='bbox 936 1080 1012 1113; x_wconf 89' lang='lat' dir='ltr'>Solo</span> <span class='ocrx_word' id='word_1_150' title='bbox 1038 1079 1168 1113; x_wconf 82' lang='lat' dir='ltr'>functus</span> <span class='ocrx_word' id='word_1_151' title='bbox 1195 1083 1245 1113; x_wconf 89' lang='lat' dir='ltr'>est</span> <span class='ocrx_word' id='word_1_152' title='bbox 1268 1080 1398 1113; x_wconf 90' lang='lat' dir='ltr'>nomine</span> 
     </span>
     <span class='ocr_line' id='line_1_43' title="bbox 984 1129 1466 1171; baseline 0.004 -8"><span class='ocrx_word' id='word_1_153' title='bbox 984 1130 1105 1163; x_wconf 82' lang='lat' dir='ltr'>Cursus</span> <span class='ocrx_word' id='word_1_154' title='bbox 1131 1138 1268 1171; x_wconf 87' lang='lat' dir='ltr'>sequens</span> <span class='ocrx_word' id='word_1_155' title='bbox 1286 1129 1466 1165; x_wconf 87' lang='lat' dir='ltr'>humilium.</span> 
     </span>
    </p>
   </div>
   <div class='ocr_carea' id='block_1_19' title="bbox 852 1195 1465 1281">
    <p class='ocr_par' dir='ltr' id='par_1_19' title="bbox 852 1195 1465 1281">
     <span class='ocr_line' id='line_1_44' title="bbox 852 1195 1412 1238; baseline -0.004 -6"><span class='ocrx_word' id='word_1_156' title='bbox 852 1195 911 1232; x_wconf 80' lang='lat' dir='ltr'>9b.</span> <span class='ocrx_word' id='word_1_157' title='bbox 937 1196 1033 1229; x_wconf 82' lang='lat' dir='ltr'>Nune</span> <span class='ocrx_word' id='word_1_158' title='bbox 1059 1201 1109 1230; x_wconf 88' lang='lat' dir='ltr'>est</span> <span class='ocrx_word' id='word_1_159' title='bbox 1135 1197 1282 1237; x_wconf 89' lang='lat' dir='ltr'>ejusdem</span> <span class='ocrx_word' id='word_1_160' title='bbox 1305 1197 1412 1238; x_wconf 83' lang='lat' dir='ltr'>gratia</span> 
     </span>
     <span class='ocr_line' id='line_1_45' title="bbox 984 1245 1465 1281; baseline 0.004 -3"><span class='ocrx_word' id='word_1_161' title='bbox 984 1245 1058 1278; x_wconf 77' lang='lat' dir='ltr'>Lux</span> <span class='ocrx_word' id='word_1_162' title='bbox 1075 1248 1108 1277; x_wconf 89' lang='lat' dir='ltr'>et</span> <span class='ocrx_word' id='word_1_163' title='bbox 1122 1246 1220 1278; x_wconf 81' lang='lat' dir='ltr'>decus</span> <span class='ocrx_word' id='word_1_164' title='bbox 1233 1245 1465 1281; x_wconf 86' lang='lat' dir='ltr'>Normanniae.</span> 
     </span>
    </p>
   </div>
   <div class='ocr_carea' id='block_1_20' title="bbox 831 1311 1422 1402">
    <p class='ocr_par' dir='ltr' id='par_1_20' title="bbox 831 1311 1422 1402">
     <span class='ocr_line' id='line_1_46' title="bbox 831 1311 1351 1353; baseline 0 -7"><span class='ocrx_word' id='word_1_165' title='bbox 831 1311 914 1347; x_wconf 80' lang='lat' dir='ltr'>lob.</span> <span class='ocrx_word' id='word_1_166' title='bbox 936 1312 984 1345; x_wconf 82' lang='lat' dir='ltr'>Et</span> <span class='ocrx_word' id='word_1_167' title='bbox 1009 1313 1175 1346; x_wconf 82' lang='lat' dir='ltr'>exsultans</span> <span class='ocrx_word' id='word_1_168' title='bbox 1200 1313 1351 1353; x_wconf 88' lang='lat' dir='ltr'>Augonia</span> 
     </span>
     <span class='ocr_line' id='line_1_47' title="bbox 985 1361 1422 1402; baseline 0.007 -9"><span class='ocrx_word' id='word_1_169' title='bbox 985 1361 1090 1394; x_wconf 86' lang='lat' dir='ltr'>Tanto</span> <span class='ocrx_word' id='word_1_170' title='bbox 1115 1363 1257 1394; x_wconf 83' lang='lat' dir='ltr'>laetetur</span> <span class='ocrx_word' id='word_1_171' title='bbox 1282 1361 1422 1402; x_wconf 88' lang='lat' dir='ltr'>hospite.</span> 
     </span>
    </p>
   </div>
   <div class='ocr_carea' id='block_1_21' title="bbox 829 1427 1471 1519">
    <p class='ocr_par' dir='ltr' id='par_1_21' title="bbox 829 1427 1471 1519">
     <span class='ocr_line' id='line_1_48' title="bbox 829 1427 1385 1470; baseline 0 -7"><span class='ocrx_word' id='word_1_172' title='bbox 829 1430 872 1463; x_wconf 84' lang='lat'>11</span> <span class='ocrx_word' id='word_1_173' title='bbox 882 1427 914 1462; x_wconf 91' lang='lat' dir='ltr'>b.</span> <span class='ocrx_word' id='word_1_174' title='bbox 937 1428 999 1468; x_wconf 81' lang='lat' dir='ltr'>Qui</span> <span class='ocrx_word' id='word_1_175' title='bbox 1021 1438 1080 1461; x_wconf 89' lang='lat' dir='ltr'>nos</span> <span class='ocrx_word' id='word_1_176' title='bbox 1106 1437 1239 1463; x_wconf 84' lang='lat' dir='ltr'>aeterno</span> <span class='ocrx_word' id='word_1_177' title='bbox 1264 1430 1385 1470; x_wconf 85' lang='lat' dir='ltr'>gaudio</span> 
     </span>
     <span class='ocr_line' id='line_1_49' title="bbox 988 1477 1471 1519; baseline 0.008 -10"><span class='ocrx_word' id='word_1_178' title='bbox 988 1477 1156 1510; x_wconf 64' lang='lat' dir='ltr'>concedat„</span> <span class='ocrx_word' id='word_1_179' title='bbox 1180 1487 1310 1518; x_wconf 86' lang='lat' dir='ltr'>semper</span> <span class='ocrx_word' id='word_1_180' title='bbox 1331 1478 1471 1519; x_wconf 84' lang='lat' dir='ltr'>perfrui.</span> 
     </span>
    </p>
   </div>
   <div class='ocr_carea' id='block_1_22' title="bbox 206 1551 1471 1593">
    <p class='ocr_par' dir='ltr' id='par_1_22' title="bbox 206 1551 1471 1593">
     <span class='ocr_line' id='line_1_50' title="bbox 206 1551 1471 1593; baseline 0.004 -14"><span class='ocrx_word' id='word_1_181' title='bbox 206 1551 296 1580; x_wconf 84' lang='lat' dir='ltr'>Grad.</span> <span class='ocrx_word' id='word_1_182' title='bbox 322 1560 378 1579; x_wconf 89' lang='lat' dir='ltr'>ms.</span> <span class='ocrx_word' id='word_1_183' title='bbox 398 1552 537 1588; x_wconf 87' lang='lat' dir='ltr'>Augense</span> <span class='ocrx_word' id='word_1_184' title='bbox 565 1559 642 1580; x_wconf 84' lang='lat' dir='ltr'>saee-</span> <span class='ocrx_word' id='word_1_185' title='bbox 666 1551 711 1580; x_wconf 88' lang='lat'>15.</span> <span class='ocrx_word' id='word_1_186' title='bbox 735 1552 806 1581; x_wconf 87' lang='lat' dir='ltr'>Cod.</span> <span class='ocrx_word' id='word_1_187' title='bbox 829 1554 1040 1590; x_wconf 83' lang='lat' dir='ltr'>Rotomagens.</span> <span class='ocrx_word' id='word_1_188' title='bbox 1062 1552 1129 1583; x_wconf 83' lang='lat'><strong>250.</strong></span> <span class='ocrx_word' id='word_1_189' title='bbox 1150 1571 1189 1575; x_wconf 93' lang='lat'>—-</span> <span class='ocrx_word' id='word_1_190' title='bbox 1209 1553 1268 1591; x_wconf 72' lang='lat'>312,</span> <span class='ocrx_word' id='word_1_191' title='bbox 1293 1553 1308 1583; x_wconf 88' lang='lat'>1</span> <span class='ocrx_word' id='word_1_192' title='bbox 1329 1555 1471 1593; x_wconf 85' lang='lat' dir='ltr'>loquatur</span> 
     </span>
    </p>
   </div>
   <div class='ocr_carea' id='block_1_23' title="bbox 129 1590 798 1627">
    <p class='ocr_par' dir='ltr' id='par_1_23' title="bbox 129 1590 798 1627">
     <span class='ocr_line' id='line_1_51' title="bbox 129 1590 798 1627; baseline 0.001 -8"><span class='ocrx_word' id='word_1_193' title='bbox 129 1591 183 1620; x_wconf 73' lang='lat' dir='ltr'>Hs.</span> <span class='ocrx_word' id='word_1_194' title='bbox 207 1605 247 1609; x_wconf 92' lang='lat'>—</span> <span class='ocrx_word' id='word_1_195' title='bbox 266 1590 351 1618; x_wconf 83' lang='lat' dir='ltr'>Me1.:</span> <span class='ocrx_word' id='word_1_196' title='bbox 380 1590 534 1626; x_wconf 85' lang='lat' dir='ltr'>Supemae</span> <span class='ocrx_word' id='word_1_197' title='bbox 553 1592 657 1618; x_wconf 85' lang='lat' dir='ltr'>matris</span> <span class='ocrx_word' id='word_1_198' title='bbox 677 1591 798 1627; x_wconf 85' lang='lat' dir='ltr'>gaudia.</span> 
     </span>
    </p>
   </div>
   <div class='ocr_carea' id='block_1_24' title="bbox 556 1703 1046 1795">
    <p class='ocr_par' dir='ltr' id='par_1_24' title="bbox 556 1703 1046 1795">
     <span class='ocr_line' id='line_1_52' title="bbox 556 1703 1046 1738; baseline 0.004 -3"><span class='ocrx_word' id='word_1_199' title='bbox 556 1703 625 1736; x_wconf 84' lang='lat'><strong>306.</strong></span> <span class='ocrx_word' id='word_1_200' title='bbox 666 1704 712 1736; x_wconf 90' lang='lat' dir='ltr'>De</span> <span class='ocrx_word' id='word_1_201' title='bbox 733 1706 843 1738; x_wconf 81' lang='lat' dir='ltr'>sancto</span> <span class='ocrx_word' id='word_1_202' title='bbox 864 1705 1046 1738; x_wconf 83' lang='lat' dir='ltr'>Laurentio.</span> 
     </span>
     <span class='ocr_line' id='line_1_53' title="bbox 604 1763 988 1795; baseline 0 -1"><span class='ocrx_word' id='word_1_203' title='bbox 604 1764 711 1794; x_wconf 83' lang='lat' dir='ltr'>Altera</span> <span class='ocrx_word' id='word_1_204' title='bbox 730 1764 779 1794; x_wconf 92' lang='lat' dir='ltr'>die</span> <span class='ocrx_word' id='word_1_205' title='bbox 800 1763 988 1795; x_wconf 83' lang='lat' dir='ltr'>Octavamm.</span> 
     </span>
    </p>
   </div>
   <div class='ocr_carea' id='block_1_25' title="bbox 129 1832 595 2021">
    <p class='ocr_par' dir='ltr' id='par_1_25' title="bbox 129 1832 595 2021">
     <span class='ocr_line' id='line_1_54' title="bbox 129 1832 404 1867; baseline -0.007 0"><span class='ocrx_word' id='word_1_206' title='bbox 129 1834 184 1867; x_wconf 81' lang='lat' dir='ltr'>la.</span> <span class='ocrx_word' id='word_1_207' title='bbox 214 1832 404 1866; x_wconf 82' lang='lat' dir='ltr'>Gratuletur</span> 
     </span>
     <span class='ocr_line' id='line_1_55' title="bbox 258 1883 534 1927; baseline 0.011 -14"><span class='ocrx_word' id='word_1_208' title='bbox 258 1884 363 1914; x_wconf 89' lang='lat' dir='ltr'>mater</span> <span class='ocrx_word' id='word_1_209' title='bbox 387 1883 534 1927; x_wconf 84' lang='lat' dir='ltr'>ecelesia,</span> 
     </span>
     <span class='ocr_line' id='line_1_56' title="bbox 210 1929 423 1963; baseline 0.009 -2"><span class='ocrx_word' id='word_1_210' title='bbox 210 1929 289 1961; x_wconf 85' lang='lat' dir='ltr'>Puri</span> <span class='ocrx_word' id='word_1_211' title='bbox 315 1931 423 1963; x_wconf 88' lang='lat' dir='ltr'>cordis</span> 
     </span>
     <span class='ocr_line' id='line_1_57' title="bbox 262 1978 595 2021; baseline 0.006 -11"><span class='ocrx_word' id='word_1_212' title='bbox 262 1978 432 2018; x_wconf 85' lang='lat' dir='ltr'>depromat</span> <span class='ocrx_word' id='word_1_213' title='bbox 455 1980 595 2021; x_wconf 73' lang='lat' dir='ltr'>gaudia3</span> 
     </span>
    </p>
   </div>
   <div class='ocr_carea' id='block_1_26' title="bbox 128 2044 557 2233">
    <p class='ocr_par' dir='ltr' id='par_1_26' title="bbox 128 2044 557 2233">
     <span class='ocr_line' id='line_1_58' title="bbox 128 2044 429 2079; baseline -0.003 0"><span class='ocrx_word' id='word_1_214' title='bbox 128 2047 184 2079; x_wconf 84' lang='lat' dir='ltr'>2a.</span> <span class='ocrx_word' id='word_1_215' title='bbox 213 2044 249 2077; x_wconf 89' lang='lat' dir='ltr'>In</span> <span class='ocrx_word' id='word_1_216' title='bbox 278 2045 429 2078; x_wconf 81' lang='lat' dir='ltr'>clericum</span> 
     </span>
     <span class='ocr_line' id='line_1_59' title="bbox 259 2094 557 2133; baseline 0.01 -9"><span class='ocrx_word' id='word_1_217' title='bbox 259 2096 355 2133; x_wconf 91' lang='lat' dir='ltr'>pater</span> <span class='ocrx_word' id='word_1_218' title='bbox 380 2103 420 2126; x_wconf 83' lang='lat' dir='ltr'>ex</span> <span class='ocrx_word' id='word_1_219' title='bbox 445 2094 557 2127; x_wconf 90' lang='lat' dir='ltr'>liberis</span> 
     </span>
     <span class='ocr_line' id='line_1_60' title="bbox 210 2140 505 2175; baseline 0.01 -3"><span class='ocrx_word' id='word_1_220' title='bbox 210 2140 296 2173; x_wconf 88' lang='lat' dir='ltr'>Dum</span> <span class='ocrx_word' id='word_1_221' title='bbox 321 2148 409 2174; x_wconf 84' lang='lat' dir='ltr'>sorte</span> <span class='ocrx_word' id='word_1_222' title='bbox 434 2143 505 2175; x_wconf 80' lang='lat' dir='ltr'>vult</span> 
     </span>
     <span class='ocr_line' id='line_1_61' title="bbox 259 2191 513 2233; baseline 0.012 -13"><span class='ocrx_word' id='word_1_223' title='bbox 259 2198 358 2221; x_wconf 89' lang='lat' dir='ltr'>unum</span> <span class='ocrx_word' id='word_1_224' title='bbox 383 2191 513 2233; x_wconf 86' lang='lat' dir='ltr'>eligere,</span> 
     </span>
    </p>
   </div>
   <div class='ocr_carea' id='block_1_27' title="bbox 129 2255 456 2289">
    <p class='ocr_par' dir='ltr' id='par_1_27' title="bbox 129 2255 456 2289">
     <span class='ocr_line' id='line_1_62' title="bbox 129 2255 456 2289; baseline 0 0"><span class='ocrx_word' id='word_1_225' title='bbox 129 2257 185 2289; x_wconf 84' lang='lat' dir='ltr'>3a.</span> <span class='ocrx_word' id='word_1_226' title='bbox 212 2255 326 2288; x_wconf 84' lang='lat' dir='ltr'>Abbas</span> <span class='ocrx_word' id='word_1_227' title='bbox 351 2255 456 2289; x_wconf 84' lang='lat' dir='ltr'>faetus</span> 
     </span>
    </p>
   </div>
   <div class='ocr_carea' id='block_1_28' title="bbox 211 2304 577 2385">
    <p class='ocr_par' dir='ltr' id='par_1_28' title="bbox 211 2304 577 2385">
     <span class='ocr_line' id='line_1_63' title="bbox 258 2304 577 2343; baseline 0.009 -8"><span class='ocrx_word' id='word_1_228' title='bbox 258 2304 363 2343; x_wconf 88' lang='lat' dir='ltr'>patris</span> <span class='ocrx_word' id='word_1_229' title='bbox 388 2306 577 2338; x_wconf 85' lang='lat' dir='ltr'>verberibus</span> 
     </span>
     <span class='ocr_line' id='line_1_64' title="bbox 211 2351 410 2385; baseline 0.005 -1"><span class='ocrx_word' id='word_1_230' title='bbox 211 2351 273 2384; x_wconf 84' lang='lat' dir='ltr'>Pia</span> <span class='ocrx_word' id='word_1_231' title='bbox 296 2353 410 2385; x_wconf 86' lang='lat' dir='ltr'>matris</span> 
     </span>
    </p>
   </div>
   <div class='ocr_carea' id='block_1_29' title="bbox 260 2399 545 2443">
    <p class='ocr_par' dir='ltr' id='par_1_29' title="bbox 260 2399 545 2443">
     <span class='ocr_line' id='line_1_65' title="bbox 260 2399 545 2443; baseline 0.011 -12"><span class='ocrx_word' id='word_1_232' title='bbox 260 2399 407 2440; x_wconf 86' lang='lat' dir='ltr'>adjungit</span> <span class='ocrx_word' id='word_1_233' title='bbox 432 2401 545 2443; x_wconf 84' lang='lat' dir='ltr'>ubera.</span> 
     </span>
    </p>
   </div>
   <div class='ocr_carea' id='block_1_30' title="bbox 828 1835 1081 1871">
    <p class='ocr_par' dir='ltr' id='par_1_30' title="bbox 828 1835 1081 1871">
     <span class='ocr_line' id='line_1_66' title="bbox 828 1835 1081 1871; baseline 0 -2"><span class='ocrx_word' id='word_1_234' title='bbox 828 1836 887 1871; x_wconf 88' lang='lat' dir='ltr'>1b.</span> <span class='ocrx_word' id='word_1_235' title='bbox 910 1835 1081 1869; x_wconf 86' lang='lat' dir='ltr'>Laurentii</span> 
     </span>
    </p>
   </div>
   <div class='ocr_carea' id='block_1_31' title="bbox 909 1885 1268 1966">
    <p class='ocr_par' dir='ltr' id='par_1_31' title="bbox 909 1885 1268 1966">
     <span class='ocr_line' id='line_1_67' title="bbox 959 1885 1268 1920; baseline 0.01 -3"><span class='ocrx_word' id='word_1_236' title='bbox 959 1885 1073 1918; x_wconf 83' lang='lat' dir='ltr'>laudes</span> <span class='ocrx_word' id='word_1_237' title='bbox 1100 1889 1133 1918; x_wconf 77' lang='lat' dir='ltr'>et,</span> <span class='ocrx_word' id='word_1_238' title='bbox 1157 1886 1268 1920; x_wconf 84' lang='lat' dir='ltr'>studia</span> 
     </span>
     <span class='ocr_line' id='line_1_68' title="bbox 909 1932 1140 1966; baseline 0.004 -1"><span class='ocrx_word' id='word_1_239' title='bbox 909 1932 1024 1965; x_wconf 80' lang='lat' dir='ltr'>Nostri</span> <span class='ocrx_word' id='word_1_240' title='bbox 1049 1934 1140 1966; x_wconf 83' lang='lat' dir='ltr'>chori</span> 
     </span>
    </p>
   </div>
   <div class='ocr_carea' id='block_1_32' title="bbox 959 1984 1263 2016">
    <p class='ocr_par' dir='ltr' id='par_1_32' title="bbox 959 1984 1263 2016">
     <span class='ocr_line' id='line_1_69' title="bbox 959 1984 1263 2016; baseline 0.01 -3"><span class='ocrx_word' id='word_1_241' title='bbox 959 1985 1053 2013; x_wconf 87' lang='lat' dir='ltr'>sonet</span> <span class='ocrx_word' id='word_1_242' title='bbox 1078 1984 1263 2016; x_wconf 79' lang='lat' dir='ltr'>eoncordia.</span> 
     </span>
    </p>
   </div>
   <div class='ocr_carea' id='block_1_33' title="bbox 826 2047 1150 2082">
    <p class='ocr_par' dir='ltr' id='par_1_33' title="bbox 826 2047 1150 2082">
     <span class='ocr_line' id='line_1_70' title="bbox 826 2047 1150 2082; baseline 0 -1"><span class='ocrx_word' id='word_1_243' title='bbox 826 2048 887 2082; x_wconf 88' lang='lat' dir='ltr'>2b.</span> <span class='ocrx_word' id='word_1_244' title='bbox 908 2047 996 2079; x_wconf 89' lang='lat' dir='ltr'>Puer</span> <span class='ocrx_word' id='word_1_245' title='bbox 1018 2051 1150 2081; x_wconf 83' lang='lat' dir='ltr'>sanctus</span> 
     </span>
    </p>
   </div>
   <div class='ocr_carea' id='block_1_34' title="bbox 910 2095 1296 2177">
    <p class='ocr_par' dir='ltr' id='par_1_34' title="bbox 910 2095 1296 2177">
     <span class='ocr_line' id='line_1_71' title="bbox 957 2095 1296 2131; baseline 0.015 -5"><span class='ocrx_word' id='word_1_246' title='bbox 957 2095 991 2126; x_wconf 87' lang='lat' dir='ltr'>in</span> <span class='ocrx_word' id='word_1_247' title='bbox 1018 2099 1139 2129; x_wconf 85' lang='lat' dir='ltr'>sortem</span> <span class='ocrx_word' id='word_1_248' title='bbox 1163 2098 1296 2131; x_wconf 80' lang='lat' dir='ltr'>Domini</span> 
     </span>
     <span class='ocr_line' id='line_1_72' title="bbox 910 2142 1101 2177; baseline 0.016 -3"><span class='ocrx_word' id='word_1_249' title='bbox 910 2142 988 2174; x_wconf 90' lang='lat' dir='ltr'>Sine</span> <span class='ocrx_word' id='word_1_250' title='bbox 1012 2147 1101 2177; x_wconf 89' lang='lat' dir='ltr'>sorte</span> 
     </span>
    </p>
   </div>
   <div class='ocr_carea' id='block_1_35' title="bbox 958 2192 1317 2231">
    <p class='ocr_par' dir='ltr' id='par_1_35' title="bbox 958 2192 1317 2231">
     <span class='ocr_line' id='line_1_73' title="bbox 958 2192 1317 2231; baseline 0.025 -9"><span class='ocrx_word' id='word_1_251' title='bbox 958 2199 995 2222; x_wconf 91' lang='lat' dir='ltr'>se</span> <span class='ocrx_word' id='word_1_252' title='bbox 1018 2192 1178 2227; x_wconf 83' lang='lat' dir='ltr'>transfert</span> <span class='ocrx_word' id='word_1_253' title='bbox 1201 2196 1317 2231; x_wconf 91' lang='lat' dir='ltr'>libere.</span> 
     </span>
    </p>
   </div>
   <div class='ocr_carea' id='block_1_36' title="bbox 825 2257 1111 2294">
    <p class='ocr_par' dir='ltr' id='par_1_36' title="bbox 825 2257 1111 2294">
     <span class='ocr_line' id='line_1_74' title="bbox 825 2257 1111 2294; baseline 0.007 -2"><span class='ocrx_word' id='word_1_254' title='bbox 825 2258 883 2292; x_wconf 84' lang='lat' dir='ltr'>3b.</span> <span class='ocrx_word' id='word_1_255' title='bbox 906 2257 1016 2290; x_wconf 85' lang='lat' dir='ltr'>Dante</span> <span class='ocrx_word' id='word_1_256' title='bbox 1040 2259 1111 2294; x_wconf 91' lang='lat' dir='ltr'>Deo</span> 
     </span>
    </p>
   </div>
   <div class='ocr_carea' id='block_1_37' title="bbox 907 2310 1273 2390">
    <p class='ocr_par' dir='ltr' id='par_1_37' title="bbox 907 2310 1273 2390">
     <span class='ocr_line' id='line_1_75' title="bbox 957 2310 1273 2351; baseline 0.019 -14"><span class='ocrx_word' id='word_1_257' title='bbox 957 2310 1085 2341; x_wconf 84' lang='lat' dir='ltr'>creatus</span> <span class='ocrx_word' id='word_1_258' title='bbox 1113 2311 1273 2351; x_wconf 81' lang='lat' dir='ltr'>pontifex,</span> 
     </span>
     <span class='ocr_line' id='line_1_76' title="bbox 907 2354 1152 2390; baseline 0.016 -4"><span class='ocrx_word' id='word_1_259' title='bbox 907 2354 988 2387; x_wconf 83' lang='lat' dir='ltr'>Plus</span> <span class='ocrx_word' id='word_1_260' title='bbox 1012 2355 1152 2390; x_wconf 87' lang='lat' dir='ltr'>honores</span> 
     </span>
    </p>
   </div>
   <div class='ocr_carea' id='block_1_38' title="bbox 958 2401 1300 2445">
    <p class='ocr_par' dir='ltr' id='par_1_38' title="bbox 958 2401 1300 2445">
     <span class='ocr_line' id='line_1_77' title="bbox 958 2401 1300 2445; baseline 0.009 -7"><span class='ocrx_word' id='word_1_261' title='bbox 958 2401 1042 2444; x_wconf 83' lang='lat' dir='ltr'>fugit</span> <span class='ocrx_word' id='word_1_262' title='bbox 1067 2414 1164 2445; x_wconf 85' lang='lat' dir='ltr'>quam</span> <span class='ocrx_word' id='word_1_263' title='bbox 1189 2416 1300 2442; x_wconf 89' lang='lat' dir='ltr'>onera.</span> 
     </span>
    </p>
   </div>
  </div>
 </body>
</html>
