1652 2678
740 129 1007 165 —259—

209 224 292 259 1021.
321 224 419 266 Cujus
444 227 513 259 vita
537 224 601 258 fuit
625 236 717 268 pura,
908 228 991 263 10b.
1014 227 1084 260 Deo
1112 229 1219 268 dante,
1246 229 1316 262 Deo
1345 228 1425 262 duce

319 273 468 307 Statione
490 275 559 315 jam
584 284 699 308 secura
1015 277 1127 317 Ipsum
1151 278 1185 310 in
1210 278 1382 318 praeclara
1403 277 1476 309 luce

366 323 458 355 Inter
484 323 598 356 choros
625 324 785 365 virginum
1065 324 1309 366 Contemplatur
1333 325 1518 358 Dominum.

209 380 251 414 11
262 390 292 416 a.
317 381 406 421 Ergo
431 384 543 414 nostro
569 391 628 414 nos
653 382 687 414 in
713 380 776 414 fine
909 384 951 417 11
963 383 992 416 b.
1015 382 1105 415 Mole
1133 384 1238 416 carnis
1263 387 1299 417 ut
1325 386 1437 417 exutos

318 428 436 462 Servos
461 431 545 469 tuos,
573 439 591 462 ο
617 430 772 471 Martine,
1015 431 1083 463 Nos
1110 433 1150 466 ab
1176 433 1268 465 hoste
1294 433 1391 465 ducat
1414 434 1501 464 tutos

368 477 496 511 Christo
519 478 567 510 sic
591 479 738 522 concilia,
1063 480 1118 512 Ad
1143 484 1276 514 aeterna
1295 481 1422 522 gaudia.

282 553 367 581 Miss.
394 562 448 582 ms.
470 553 501 582 S.
521 554 603 582 Petri
623 554 848 582 Moissiacensis
872 562 949 583 saec.
973 553 1017 583 15.
1040 554 1111 583 Cod.
1134 557 1274 585 Tolosan.
1298 554 1361 584 106.
1382 571 1422 576 ——
1460 570 1501 583 ,υ.
1525 552 1540 582 1

207 592 277 620 Non
297 593 434 620 sensetur
453 593 542 621 rebus
562 593 654 629 lignis
675 592 730 621 Hs.

652 715 721 747 344.
762 716 807 747 De
826 716 936 748 sancto
957 716 1104 748 llIartino.

231 797 289 830 la.
316 797 389 830 Hac
413 797 447 829 in
474 797 527 829 die
551 806 640 836 voce,
667 800 742 830 voto
931 797 990 831 lb.
1014 798 1083 838 Qua
1111 799 1263 831 decantat
1284 799 1366 831 coeli
1393 798 1510 831 chorus

315 844 445 877 Christo
471 845 584 878 laudes
611 854 682 878 cum
709 846 824 879 devoto
1014 845 1161 886 Hymnos
1189 847 1298 880 dulces
1325 855 1522 880 concanorus

363 893 581 926 Decantemus
607 895 734 937 spiritu,
1062 895 1101 927 In
1127 895 1263 927 Martini
1286 896 1438 929 transitu.

231 952 289 984 Za.
317 951 401 991 Quid
414 951 558 983 Martino
572 951 703 991 dignum
721 960 845 994 canam,
929 951 987 985 ab.
1012 951 1091 985 Cum
1118 962 1172 985 cor
1198 955 1266 993 ejus
1289 955 1357 993 jam
1384 954 1548 986 desertum

317 999 470 1031 Nondum
493 999 590 1039 plene
615 999 833 1033 Christianam
1015 999 1208 1042 Concupivit
1233 1002 1276 1034 ad
1302 1002 1475 1039 desertum,

364 1047 481 1079 Fidem
506 1056 588 1087 puer
614 1047 706 1088 adiit,
1062 1049 1129 1088 Quo
1155 1054 1230 1090 post
1253 1050 1358 1082 laetus
1384 1049 1475 1082 abiit.

230 1107 287 1139 32.
317 1105 400 1137 Dum
426 1106 469 1138 ad
494 1111 623 1146 portam
647 1105 817 1138 Ambianis
931 1106 988 1139 3b.
1010 1105 1144 1146 Spernit
1167 1106 1298 1139 fervens
1315 1107 1414 1139 ardor
1429 1105 1546 1138 mentis

314 1153 429 1186 Nudus
454 1162 580 1194 pauper
604 1154 714 1193 vestis,
741 1153 834 1194 panis
1013 1154 1058 1186 Et
1082 1154 1226 1187 ridentes
1253 1158 1285 1187 et
1310 1155 1479 1187 stridentis

362 1201 468 1242 Rogat
497 1202 694 1242 alimoniam,
1063 1202 1187 1235 Hiemis
1213 1204 1385 1237 insaniam.

232 1261 290 1293 4a.
317 1260 405 1291 Aere
431 1268 543 1291 carens
570 1262 692 1292 vestem
717 1260 825 1301 scidit,
930 1261 990 1294 4b.
1015 1261 1114 1293 Veste
1141 1261 1218 1293 data
1244 1261 1437 1302 gloriantem

317 1308 380 1340 Per
405 1316 555 1348 soporem
581 1310 676 1340 nocte
703 1308 785 1340 vidit
1013 1308 1059 1341 Et
1082 1308 1262 1341 Martinum
1289 1309 1531 1341 collaudantem

364 1357 435 1389 Hac
460 1356 609 1388 indutum
637 1356 820 1397 Dominum,
1059 1356 1177 1389 Adhuc
1203 1357 1473 1390 catechuminum,

231 1415 287 1447 5a.
315 1413 380 1446 Hic
402 1414 536 1446 inermis
563 1417 596 1446 et
620 1423 753 1447 securus
931 1415 991 1450 5b.
1015 1415 1159 1448 Caritate
1188 1415 1402 1456 praecellenti

318 1460 438 1495 Hostes
464 1471 559 1495 mane
583 1471 780 1503 pervasurus
1016 1463 1122 1496 Pedes
1148 1472 1250 1505 usque
1275 1463 1429 1496 servienti

362 1510 526 1544 Donativa
551 1511 709 1554 reddidit,
1062 1511 1166 1545 Versa
1191 1512 1262 1545 vice
1287 1512 1437 1544 subdidit

229 1568 286 1601 6a.
315 1568 381 1602 Sub
409 1577 598 1610 quacunque
623 1568 729 1602 forma
753 1570 844 1610 latet,
929 1569 988 1603 6b.
1012 1569 1050 1602 In
1073 1569 1209 1602 instanti
1233 1570 1346 1611 pulsus
1374 1569 1472 1609 cedit,

311 1618 351 1650 In
376 1617 514 1649 instanti
539 1621 651 1650 sancto
676 1620 769 1658 patet
1011 1618 1103 1650 Perit
1124 1618 1266 1657 morbus,
1293 1618 1381 1650 salus
1409 1617 1495 1650 redit

359 1665 537 1698 Daemonis
562 1666 715 1705 versutia,
1059 1667 1099 1699 In
1125 1667 1193 1707 ejus
1215 1667 1411 1707 praesentia.

229 1723 285 1755 7a.
312 1722 448 1755 Manum
473 1724 605 1755 mittens
626 1724 713 1756 inter
731 1724 844 1757 dentes
930 1724 988 1758 7b.
1011 1723 1224 1757 Hastatorutn
1249 1725 1438 1765 angelorum

312 1771 365 1803 Ab
392 1771 525 1804 obsesso
550 1780 611 1812 per
635 1771 795 1805 foetentes
1013 1772 1124 1805 Armis
1151 1771 1255 1805 fretus
1281 1771 1496 1813 profanorum

358 1820 474 1853 Partes
501 1820 570 1852 exit
593 1821 746 1863 spiritus;
1062 1820 1156 1854 Fana
1179 1822 1296 1853 sternit
1321 1819 1481 1855 funditus.

227 1879 284 1913 82.
311 1877 378 1910 Sub
405 1879 511 1911 securi
536 1882 603 1911 stat
627 1888 770 1918 securus,
931 1879 991 1913 8b.
1017 1878 1121 1911 Cultri
1146 1878 1270 1912 ferrum
1296 1878 1460 1911 evanescit

310 1926 411 1960 Retro
437 1928 558 1960 cadens
583 1936 796 1968 percussurus
1016 1927 1202 1969 Curatoque
1228 1936 1322 1960 servo
1348 1927 1466 1960 crescit

360 1976 516 2010 Sanctum
542 1976 605 2009 Dei
628 1977 784 2018 gladium.
1062 1975 1164 2009 Fides
1189 1977 1223 2008 in
1249 1977 1417 2010 Tretadio.

226 2034 284 2068 9a.
312 2034 394 2067 Tres
422 2033 592 2068 defunctos
618 2035 802 2076 suscitavit,
931 2034 991 2068 9b.
1018 2035 1119 2067 Veste
1144 2038 1249 2067 tectus
1277 2035 1406 2067 cilicina

310 2082 495 2117 Osculando
525 2083 652 2124 lepram
676 2084 768 2123 lavit,
1017 2082 1080 2116 Gor
1102 2086 1136 2116 et
1157 2093 1271 2116 manus
1298 2084 1341 2117 ad
1368 2083 1479 2116 divina

362 2131 466 2165 Cruoe
487 2132 600 2173 pinum
625 2133 757 2174 repulit,
1066 2131 1204 2173 Semper
1229 2141 1326 2164 orans
1358 2131 1484 2165 extulit.

200 2190 284 2224 10a.
311 2189 421 2223 Minus
447 2194 525 2231 apte
548 2191 637 2223 nudo
663 2192 784 2223 scissae
905 2190 990 2225 lob.
1015 2190 1069 2223 Ad
1094 2190 1232 2223 Martini
1268 2193 1391 2223 tactum
1419 2190 1553 2222 chartae

309 2238 390 2271 Sunt
415 2239 450 2271 in
475 2239 575 2272 missa
600 2240 683 2272 vesti
713 2240 841 2282 missae,
1013 2238 1207 2273 Solidantur
1232 2240 1321 2272 omni
1346 2242 1443 2280 parte

358 2287 428 2328 Qua
454 2289 602 2330 vestitur,
627 2289 791 2330 manicae3
1061 2287 1215 2321 Membra
1241 2288 1444 2330 paraliticae.

198 2347 280 2382 lla.
308 2345 840 2391 Contraventumflammasvolvit,
904 2347 946 2381 11
957 2346 990 2380 b.
1018 2347 1106 2379 Vere
1131 2347 1245 2387 verbo,
1273 2347 1351 2387 vita,
1379 2346 1481 2388 signis

304 2396 438 2430 Turbae
462 2396 544 2438 ligat
570 2401 602 2429 et
628 2396 768 2432 absolvit
1015 2395 1062 2429 Et
1087 2405 1147 2436 per
1171 2396 1303 2438 globum
1328 2396 1430 2430 scitur
1455 2395 1555 2439 ignis,

356 2445 496 2480 Gressus
521 2445 635 2479 fractis
659 2446 770 2479 idolis.
1057 2445 1148 2479 Esse
1173 2455 1235 2487 par
1258 2445 1427 2487 apostolis.

1315 2500 1376 2532 17*
