1652 2678
680 91 944 127 —302—

168 197 225 228 2a.
252 194 325 226 Vox
351 202 470 225 canora
494 191 600 223 solvat
625 199 692 228 ora,

253 241 408 274 Gratiora
432 241 498 272 sint
520 238 554 270 in
580 238 662 270 hora

302 287 498 322 Gratulandi
523 285 653 327 gaudia.

171 353 228 386 3a.
254 350 306 383 De
331 351 513 382 Vasconum
538 348 642 388 stirpe
667 346 757 379 clara

252 398 370 431 Prodit
393 398 458 429 ista
481 395 552 427 Deo
579 404 655 427 cara

300 446 423 485 Factis,
449 442 546 485 fama,
572 442 726 475 moribus.

169 511 227 543 4a.
255 507 359 539 Nubit
385 506 459 538 duci
483 504 680 544 Duacorum,

253 555 332 587 Viro
357 557 480 596 sancto,
508 553 577 585 viro
602 561 739 594 morum,

294 602 374 634 Viro
399 609 543 634 summae
566 601 698 635 indolis,

171 666 228 700 5a.
254 664 412 697 Mar-itata
437 663 642 704 fecundatur,

253 713 464 746 Fecundatae
488 712 597 752 proles
624 712 731 752 datur,

301 761 376 794 Mas
401 769 495 801 unuS‚
521 762 588 793 tres
613 759 721 794 filiae:

174 825 230 859 ea.
255 823 369 856 Prima
393 823 527 856 student
550 822 591 855 ab
617 826 724 856 aetate

257 872 416 904 Venerari
441 871 614 904 sanctitate

304 920 431 953 Nomen
459 919 579 952 Christi
606 920 746 962 celebre,

175 984 234 1018 7a.
258 983 311 1015 Ab
337 984 470 1016 Arianis
495 983 679 1016 trucidatur

255 1031 332 1064 Dux
358 1034 391 1063 et
415 1041 435 1064 a
460 1031 588 1065 Christo
616 1034 789 1065 coronatur

305 1079 427 1112 Vivens
453 1079 636 1122 gloriosius,

176 1144 233 1178 82..
260 1142 352 1174 Haec
378 1143 485 1175 soluta
509 1142 580 1184 lege
604 1143 692 1175 thori

258 1190 383 1223 Haeret
408 1192 478 1223 viro
502 1191 640 1231 meliori,

307 1238 447 1279 Christo,
475 1247 573 1278 super
597 1239 721 1279 omnia3

175 1303 233 1335 9a.
260 1301 351 1333 Haec
376 1304 426 1333 est
449 1309 533 1334 nova
558 1300 740 1342 Sareptana

258 1347 362 1389 Ligna
385 1349 496 1391 legens
521 1347 588 1381 fide
612 1359 702 1391 sana,

307 1397 434 1438 Typum
463 1397 567 1429 crucis
593 1396 735 1439 faciens3

265 1459 356 1491 Haec
382 1463 431 1492 est
455 1459 556 1492 vitrix
580 1459 779 1500 Holofernis,

265 1507 336 1540 Ima
359 1516 517 1548 spernens
542 1517 601 1549 pro
627 1509 788 1550 supernis,

258 1555 367 1589 David
393 1564 528 1598 sequens
550 1566 611 1597 pro
636 1557 788 1599 aeterniS‚

311 1604 443 1646 Abigail
467 1604 582 1638 altera.

263 1661 288 1695 Ο
313 1662 493 1704 Rictrudis‚

260 1710 349 1751 Quae
373 1720 432 1744 nos
456 1710 563 1744 trudis

307 1760 363 1792 Ad
389 1760 522 1803 directa,

306 1808 506 1848 Praeelecta,

356 1856 434 1889 Tuis
460 1855 573 1889 favens
599 1855 741 1901 famulis,

259 1914 342 1956 Ave,
367 1918 482 1955 portus
506 1915 708 1957 miserorum⁷

262 1961 467 1996 Consolatrix
493 1972 676 2005 egenorum,

260 2011 341 2051 Spes
361 2013 563 2044 moerentum
579 2012 789 2054 pupillorum,

308 2058 414 2092 Dulce
438 2058 655 2100 refrigerium.

262 2115 341 2149 Jesu
367 2118 518 2160 clemenS,
545 2118 625 2151 Josu
650 2118 745 2158 bone,

259 2164 366 2205 Hujus
392 2166 528 2198 obtentu
551 2169 719 2199 matronae

260 2212 451 2247 Constitutis
476 2213 511 2246 in
536 2223 638 2255 agone

259 2260 363 2293 Nobis
390 2262 503 2295 confer
527 2264 559 2294 et
584 2271 713 2302 appone

311 2308 445 2343 Gratiae
467 2309 656 2344 subsidium.

157 1459 238 1493 lOa.

155 1663 235 1697 lla.

152 1913 196 1947 12
203 1922 233 1946 a.

152 2117 235 2151 13a‚

866 187 926 221 2b.
949 188 1022 220 Hac
1045 185 1081 217 in
1106 185 1160 217 die
1183 186 1307 225 pangat
1330 184 1385 224 pie

949 234 1072 267 Noster
1097 233 1213 265 chorus
1240 241 1438 266 concanorus

1000 281 1168 315 Rictrudis
1193 280 1377 322 praeconia.

869 344 929 379 31).
950 345 1064 377 Annos
1089 344 1181 385 virgo
1207 345 1325 377 sortita
1344 344 1471 377 nubiles

952 392 1052 433 Apud
1083 392 1169 425 viros
1193 391 1232 426 fit
1255 395 1333 426 nota
1358 392 1483 425 nobiles

1001 440 1132 482 Forma,
1158 441 1235 486 vita,
1262 440 1425 476 laudibus

869 503 929 538 4b.
953 504 978 538 O
1006 513 1100 545 quam
1127 502 1207 536 felix
1233 504 1359 545 copula,

954 552 1056 592 Quam
1081 561 1144 585 non
1172 553 1277 585 carnis
1302 552 1430 585 macula

1003 601 1067 634 Sed
1094 609 1169 642 spes
1194 601 1302 634 sanxit
1326 600 1459 635 sobolis.

869 663 929 699 5b.
951 665 1025 698 Mas
1050 664 1083 696 in
1110 673 1189 696 sexu
1216 663 1364 705 digniori,

952 713 1059 746 Natae
1083 713 1290 745 imbecilliori

1000 760 1105 796 Jubar
1130 764 1259 794 exstant
1282 760 1420 802 patriae.

871 823 930 858 6b.
950 825 1082 857 Morum
1105 824 1232 865 pollent
1255 824 1414 865 gravitate

953 873 1110 913 Relegata
1134 873 1304 912 voluptate

1003 919 1150 954 Carnalis
1175 920 1359 952 illecebrae.

872 983 932 1017 71).
956 983 1081 1022 Conjux
1106 985 1219 1015 sancta
1243 982 1405 1025 viduatur,

954 1032 1099 1064 Viduata
1123 1029 1299 1063 famulatur

1005 1078 1074 1113 Deo
1103 1078 1302 1120 diligentius.

873 1143 934 1178 8b.
959 1142 1086 1177 Crescit
1109 1140 1221 1175 fervor
1245 1141 1354 1182 animi,

957 1192 1114 1226 Crescunt
1137 1193 1243 1223 motus
1269 1189 1392 1231 optimi,

1005 1239 1116 1281 Vigor,
1145 1238 1257 1280 virtus,
1285 1237 1402 1279 gratia.

872 1301 933 1335 9b.
954 1302 1047 1335 Haec
1071 1301 1189 1333 Noemi
1212 1300 1414 1344 Ebimelech,

955 1350 1047 1382 Haec
1073 1349 1232 1382 cassatrix
1256 1348 1451 1382 Abimelech

1003 1397 1166 1438 Fragmen
1190 1398 1296 1430 molae
1318 1397 1454 1437 jaciens.

849 1461 934 1496 101).
955 1462 1048 1494 Haec
1071 1463 1119 1492 est
1137 1460 1243 1500 neptis
1261 1459 1486 1501 Mardochaei‚

956 1508 1121 1543 Sunanitis
1146 1508 1282 1549 Elisaei,

956 1558 1049 1591 Haec
1071 1556 1146 1589 Jael
1169 1556 1283 1589 Haber
1309 1555 1430 1599 Cinaei,

1006 1606 1140 1640 Clavum
1165 1608 1279 1637 tenens
1306 1604 1451 1638 dextera.

850 1664 933 1699 111).
957 1663 1118 1706 Gloriosa,

960 1711 1122 1753 Gratiosa‚

1003 1760 1174 1803 Insignita‚

1006 1809 1174 1843 Redimita

1057 1857 1165 1899 Signis
1191 1860 1224 1890 et
1247 1856 1424 1890 miraculis

851 1916 937 1951 121).
959 1918 1042 1957 Ave,
1070 1916 1169 1949 decus
1193 1918 1427 1955 matronarum,

959 1965 1039 1998 Flos
1066 1967 1098 1996 et
1122 1973 1250 2006 gemma
1273 1963 1455 2006 viduarum,

946 2013 1053 2046 Aufer
1076 2015 1217 2045 taetrum
1243 2016 1276 2045 et
1299 2022 1447 2046 amarum

1009 2061 1186 2095 Grehennae
1210 2061 1417 2103 supplicium.

852 2119 936 2153 131).
959 2120 1007 2153 Ut
1030 2117 1125 2152 finita
1150 2123 1184 2151 et
1209 2119 1373 2161 completa

958 2168 1162 2208 Temporalis
1187 2168 1275 2202 vitae
1299 2173 1388 2202 meta

957 2218 1040 2250 Post
1063 2219 1252 2250 transcursa
1276 2217 1392 2250 mundi
1409 2216 1497 2250 freta

959 2265 1066 2299 Detur
1091 2265 1184 2298 nobis
1211 2266 1301 2307 quies
1327 2266 1415 2299 laeta

1007 2313 1054 2346 Et
1078 2322 1222 2354 perenne
1247 2314 1412 2356 gaudium.

228 2401 347 2431 Prosar.
368 2413 423 2432 ms.
444 2402 673 2433 Marchianense
695 2413 774 2434 saec.
796 2402 845 2434 15.
865 2406 936 2435 Cod.
956 2409 1107 2436 Duacens.
1130 2407 1210 2441 12:31
