1652 2678
632 88 898 125 —239—

94 188 154 222 9a.
180 187 206 221 Ο
233 189 328 228 pater
352 187 548 229 Leodegari‚

175 235 322 277 Dignare
346 245 405 270 nos
435 236 583 281 adunari,

227 285 328 325 Apud
356 283 520 317 Christum

230 332 370 366 Chorum
394 332 494 365 istum

279 381 464 414 Clementer
490 381 636 421 eoncilia,

792 187 853 222 eb.
875 186 924 220 Ut
947 185 1021 219 fons
1044 195 1188 218 summae
1214 185 1345 226 pietatis

876 234 945 268 Nos
968 237 1123 276 purgatos
1149 243 1169 266 a
1194 234 1338 275 peccatis

927 284 1044 317 Servos
1070 291 1144 315 suos

926 333 1035 373 Atque
1057 334 1128 364 tuos

975 380 1114 413 Mundet
1141 379 1217 412 data
1242 378 1345 411 venia,

562 440 618 473 10.
644 440 750 472 Amen
775 439 884 471 dicant
908 437 1024 471 omnia.

171 506 292 535 Prosar.
320 514 375 534 ms.
394 506 625 535 marchianense
654 513 732 533 saec.
755 502 800 533 15.
822 504 895 533 Coti.
915 505 1063 533 Duacens.
1086 501 1151 532 123.
1169 519 1209 524 —-
1226 503 1313 532 Mel.:
1344 503 1434 531 Mane

94 546 192 583 prima
212 544 348 574 Sabbati.

520 598 582 631 316.
621 599 667 631 De
687 599 796 631 sancto
816 598 1011 631 Leonhardo.

99 672 155 705 la.
182 672 309 705 Psallat
335 672 450 704 chorus
475 675 508 703 et
531 671 673 703 laetetur

181 720 227 752 Et
250 720 382 752 beatum
406 721 579 752 veneretur

179 768 419 807 Leonhardum‚
445 776 506 807 per
529 775 623 807 quem
643 767 738 799 detur

228 815 332 848 Nobis
359 815 446 848 salus
473 815 631 848 omnibus

96 875 154 908 2a.
181 874 235 906 Ex
259 874 364 914 regali
388 874 493 913 stirpe
516 876 612 906 natus

180 922 384 955 Adolescens
409 922 480 954 Deo
507 925 617 963 gratus

184 970 398 1003 Sanctitatem
425 970 476 1002 sui
501 972 604 1002 status

226 1017 389 1051 Patefecit
412 1018 560 1051 omnibus

96 1079 154 1111 Sa.
181 1076 274 1109 Tunc
298 1076 349 1108 vir
374 1075 436 1108 Dei
462 1075 655 1116 praedicare

185 1124 301 1165 Coepit
325 1123 392 1157 fide
419 1127 452 1156 et
477 1132 593 1156 sanare

181 1174 307 1213 Aegros
331 1175 430 1212 atque
452 1171 596 1204 liberare

231 1221 367 1254 Pressos
391 1230 411 1252 a
438 1219 657 1253 daemonibus,

98 1281 157 1313 4a.
185 1277 250 1311 Hic
275 1278 420 1319 reginam
445 1277 701 1318 proclamantem

181 1327 229 1359 Et
254 1327 290 1359 in
313 1328 412 1366 partu
436 1325 640 1358 laborantem

181 1373 353 1407 Liberavit
382 1377 414 1406 et
437 1372 596 1407 infantem

234 1423 396 1456 Reddidit
418 1422 622 1464 parentibus.

104 1483 160 1515 5a.
186 1481 369 1514 Ecclesiam
393 1480 449 1513 hic
473 1479 627 1513 fundavit

182 1530 229 1562 Et
252 1530 426 1563 monachos
452 1528 650 1572 aggregavit,

181 1578 292 1619 Ipsam
319 1587 445 1618 quoque
471 1577 674 1610 consecravit

228 1626 349 1660 Matris
372 1625 437 1659 Dei
460 1624 623 1658 laudibus.

96 1685 153 1718 6a.
181 1684 206 1718 O
234 1693 330 1724 quam
356 1687 504 1722 saneim,
532 1684 622 1723 cujus
647 1683 738 1716 laudi

186 1731 282 1765 Cedit
307 1731 466 1773 quidquid
490 1730 556 1764 fine
581 1732 689 1764 claudi

184 1782 310 1822 Potest,
336 1783 467 1813 nostras
490 1788 589 1812 voces
614 1780 692 1812 audi

230 1828 321 1862 Dans
347 1827 492 1862 favorem
517 1827 680 1869 precibus.

98 1889 155 1921 7a.
182 1887 389 1929 Leonharde,
416 1895 512 1919 serve
536 1886 609 1930 Dei,

181 1936 422 1969 Munimentum
449 1938 583 1968 nostrae
607 1935 689 1976 spei,

181 1985 229 2018 Te
254 1994 404 2027 rogamus
429 1984 508 2017 licet
532 1984 590 2028 rei,

229 2032 287 2067 Sta
310 2043 371 2075 pro
396 2032 633 2073 peccatoribus.

798 670 857 705 1b.
881 670 998 705 Omnes
1026 669 1165 702 clament
1190 670 1397 714 exsultantes,

881 719 1085 752 Venerentur
1107 718 1296 759 jubilantes,

853 784 862 790 -
883 766 1001 800 Sancto
1028 766 1092 799 Dei
1115 767 1229 800 laudes
1256 767 1370 800 dantes

928 815 982 848 Ex
1010 815 1135 847 devotis
1159 815 1332 848 mentibus.

797 872 857 907 2b.
880 872 996 906 Clarus
1021 874 1107 911 ortu,
1134 874 1242 905 clarus
1266 873 1345 913 vita,

878 922 966 954 Actu
990 929 1086 953 verus
1114 920 1292 960 coenobita,

881 968 1028 1002 Tandem
1053 966 1147 1001 fulsit
1170 970 1304 1001 eremita

930 1017 1109 1050 (londensis
1133 1018 1329 1051 nemoribus,

797 1074 856 1109 3b.
878 1074 944 1107 Hic
970 1074 1093 1107 carceri
1120 1074 1298 1115 deputatos.

883 1121 1100 1163 Compedibus
1125 1123 1338 1163 mancipatos.

889 1170 1038 1204 Absolvit
1061 1174 1159 1211 atque
1183 1172 1350 1205 damnatos

929 1219 993 1251 Pro
1018 1219 1128 1251 multis
1155 1219 1353 1254 criminibus,

797 1276 858 1311 4b.
882 1276 956 1309 Hac
982 1276 1021 1308 de
1048 1284 1145 1309 causa
1169 1286 1228 1310 rex
1252 1278 1374 1318 legavit

880 1324 1014 1366 Silvam,
1040 1333 1135 1365 quam
1159 1325 1215 1358 liic
1237 1327 1427 1367 peragravit

881 1373 920 1406 In
945 1373 1045 1405 asello
1073 1375 1106 1405 et
1130 1373 1271 1414 signavit

930 1421 1012 1462 Ejus
1040 1422 1137 1454 certis
1162 1422 1336 1463 gressibus,

799 1479 857 1513 5⁷0.
878 1479 992 1520 Longe
1018 1479 1143 1512 distans
1167 1490 1188 1513 a
1210 1482 1357 1513 torrente

881 1528 962 1561 Orat
986 1527 1091 1560 Deum
1115 1538 1200 1569 pura
1221 1532 1328 1562 mente

881 1576 924 1609 Et
951 1576 1089 1609 scaturit
1114 1576 1186 1610 fons
1212 1581 1347 1618 repente

932 1624 1064 1658 Cunctis
1088 1625 1154 1658 loci
1179 1626 1316 1661 civibus

798 1683 858 1717 6b.
882 1681 993 1715 Mulce
1014 1684 1137 1727 tristes,
1165 1692 1279 1726 aegros
1305 1694 1393 1729 sana,

882 1731 973 1771 Rege
997 1740 1138 1773 gressus,
1166 1732 1231 1765 iter
1253 1734 1362 1774 plana,

882 1779 935 1811 Ne
957 1778 1087 1812 labatur
1112 1788 1203 1812 mens
1225 1780 1367 1814 humana

929 1827 1049 1860 Mortis
1076 1828 1177 1861 durae
1201 1829 1362 1863 sordibus.

800 1887 818 1919 7
829 1886 859 1918 b.
882 1885 1042 1918 Pietatem
1062 1886 1273 1927 imploramus

884 1934 1007 1967 Summi
1031 1935 1127 1976 regis,
1156 1945 1250 1976 quem
1274 1946 1435 1983 rogamus,

883 1983 932 2017 Ut
957 1983 1013 2016 det
1029 1983 1133 2025 nobis,
1161 1994 1256 2026 quem
1276 1988 1434 2027 optamus,

930 2031 1054 2065 Locum
1076 2033 1109 2065 in
1138 2034 1342 2068 coelestibus.

171 2101 257 2129 Miss.
285 2109 339 2129 ms.
362 2101 599 2130 Gemmeticcnse
626 2107 705 2128 saec.
731 2097 776 2128 15.
799 2098 871 2128 Cotl.
891 2099 1104 2137 Rotomagens.
1132 2098 1199 2130 301.
1220 2101 1255 2130 Α.
1284 2117 1324 2122 -
1350 2103 1437 2131 Miss,

99 2149 153 2169 ms.
175 2140 413 2169 Gemmeticense
433 2140 506 2168 anui
528 2136 612 2167 1492.
635 2137 704 2167 cod.
726 2138 937 2175 Rotomagens.
959 2135 1025 2168 2302.
1046 2140 1080 2167 Β.

562 2232 622 2266 317.
665 2233 710 2265 De
730 2234 844 2267 saneta
863 2232 969 2266 Lueia.

93 2309 151 2344 la.
180 2308 288 2342 Adest
312 2306 383 2341 dies
408 2306 560 2347 celebris,

175 2357 215 2390 In
241 2366 305 2398 qua
330 2357 387 2389 lux
412 2366 433 2389 a
458 2356 602 2389 tenebris

225 2405 343 2440 Divisa
366 2405 582 2447 resplenduit,

799 2306 856 2340 lb.
878 2307 952 2340 Lux
976 2307 1081 2340 Lucia
1105 2307 1235 2341 nomine

880 2356 920 2389 In
947 2355 1109 2389 coelorum
1134 2358 1261 2397 agmine

930 2404 1039 2439 Hodie
1069 2406 1259 2447 comparuit.
