1652 2678
723 95 991 132 —319—

199 188 263 224 82..
287 188 459 224 Mundana
911 193 973 228 eb.
993 194 1181 226 Electorum

291 238 347 278 qui
374 242 491 272 cuncta
513 241 640 282 liquisti
995 244 1032 274 ut
1057 239 1157 273 locati
1181 239 1289 279 patria

289 286 399 319 visens
426 289 559 332 coelica,
997 292 1105 321 tecum
1132 287 1262 321 Christo

293 334 408 375 disjice
432 337 574 381 piacula,
997 338 1160 370 solvamus
1187 335 1309 369 debita.

203 391 266 424 9a.
292 392 381 425 Laus
406 395 570 436 perennis,
913 394 974 430 9b.
998 394 1146 428 Genitori

294 440 404 483 decue,
430 442 544 484 honor,
570 445 714 485 potestas
996 444 1167 485 genitoque
1191 442 1308 475 decora

292 488 498 530 Sempiterno
996 492 1203 524 Modulemus

291 537 335 570 sit
358 547 496 579 semper,
998 540 1135 579 cantica,

292 586 347 627 qui
373 587 542 629 gubernat,
567 587 667 620 cosmi
686 587 825 621 climata.
997 588 1130 628 alleluja
1157 589 1323 619 cantantes
1345 597 1420 622 una.

181 643 266 679 10a.
295 644 508 678 Conclament
889 644 973 680 iob.
996 645 1047 678 Sit
1070 644 1212 678 trinitati

295 696 430 726 cuncta:
457 694 574 734 Amen,
997 694 1032 726 in
1057 696 1191 727 aeterna

293 742 398 782 gloria
998 743 1138 775 saecula.

260 807 347 835 Miss.
367 816 422 835 ms.
442 808 648 835 Fiscannense
669 814 745 834 saec.
770 804 815 834 14.
838 807 910 836 Cod.
930 808 1144 845 Rotomagens.
1167 806 1234 837 292.
1254 808 1292 837 A.
1313 825 1322 829 -
1370 809 1456 837 Miss.
1476 818 1531 837 ms.

177 845 384 874 Fiscannense
411 854 490 873 saec.
519 844 564 874 15.
594 845 665 874 Cod.
691 845 904 882 Rotomagens.
932 844 999 875 293.
1025 848 1061 876 Β.
1084 863 1123 868 —·
1143 847 1230 875 Miss.
1254 856 1309 875 ms.
1329 846 1533 876 Fiseannense

182 892 261 912 saee.
285 882 330 912 15.
353 883 424 912 Οοᾶ.
446 885 658 921 Rotomagens.
680 881 747 912 294.
770 883 802 911 C.
859 901 861 905 ,
882 883 940 919 5a,
967 883 987 913 4
1012 887 1044 914 in
1065 894 1125 922 qua
1146 887 1297 922 poscimus
1318 895 1422 923 preces
1445 886 1531 920 ABG,

178 924 334 961 poscimus
354 923 541 960 iiberzahlig.
562 938 601 943 —
622 922 673 957 637
695 919 714 950 3
734 931 813 960 quae
833 924 933 952 coelos
956 923 988 951 C.
1009 941 1048 945 -
1068 924 1121 961 612,
1141 923 1159 952 5
1180 925 1303 953 saecula
1323 925 1355 952 C.
1376 942 1416 945 —
1439 924 1491 961 7b,
1513 923 1532 954 3

178 963 289 990 nostra
310 963 440 998 ergfinzt.
462 978 501 982 —
522 960 575 996 9a,
597 961 614 990 5
635 970 689 999 per
710 963 804 990 cosmi
826 962 949 990 climata
969 962 1001 990 O.

556 1056 627 1088 424.
668 1055 705 1087 In
726 1055 951 1088 'translatione
970 1065 995 1088 s.
1016 1056 1159 1089 Taurini.

185 1116 245 1153 ia.
270 1117 324 1150 De
347 1120 457 1150 roseto
481 1118 597 1159 prodit
625 1126 711 1158 rosa,
889 1118 950 1151 lb.
971 1118 1025 1151 De
1048 1120 1176 1160 spineto
1200 1119 1291 1151 venit
1316 1119 1422 1160 spina,

267 1165 408 1198 Luctum
434 1166 506 1199 odit
529 1166 588 1199 lux
610 1167 733 1207 jocosa,
975 1167 1127 1208 Pungens
1153 1167 1234 1199 lenit
1259 1170 1296 1199 ut
1322 1168 1443 1201 divina.

180 1225 240 1258 22.
269 1223 432 1256 Taurinus
459 1223 627 1265 exuberat,
890 1223 950 1258 2b.
973 1225 1040 1257 Vas
1066 1224 1208 1257 fellitum
1233 1226 1409 1269 spernitur,

267 1272 389 1305 Rosam
415 1281 491 1305 rosa
514 1276 659 1314 superat,
973 1272 1038 1305 Vas
1063 1272 1224 1305 mellitum
1249 1273 1383 1315 bibitur,

317 1320 454 1353 Stellam
478 1321 586 1355 stella.
1018 1321 1143 1354 Fluunt
1166 1321 1275 1354 mella.

178 1379 239 1414 331.
266 1378 381 1420 Neque
405 1388 463 1412 vas
489 1377 527 1411 fit
548 1387 695 1419 vacuum,
887 1378 947 1413 3b.
971 1379 1155 1412 Virtutibus
1180 1379 1316 1421 studuit,

265 1427 312 1460 Et
332 1427 398 1460 mel
423 1430 490 1460 stat
513 1430 708 1469 perpetuum
971 1428 1069 1461 Vitiis
1095 1427 1254 1461 abstinuit

311 1476 391 1509 Pari
420 1475 536 1510 forma.
1019 1477 1098 1510 Pari
1123 1485 1247 1509 norma.

176 1535 236 1570 4a.
262 1534 416 1576 Angelici
440 1534 577 1575 spiritus
886 1534 948 1569 4b.
970 1535 1058 1567 Hine
1085 1535 1235 1568 columna
1258 1535 1437 1577 splenduit,

265 1583 363 1616 Diem
385 1584 535 1624 pandunt
561 1583 668 1616 exitus
972 1583 1044 1624 Qua
1067 1584 1278 1626 sepulchrum
1300 1584 1410 1625 patuit

312 1632 402 1665 Voce
428 1632 528 1672 clara,
1023 1633 1070 1667 Ut
1094 1633 1144 1666 sol
1170 1633 1270 1666 clara.

177 1693 240 1726 5a.
269 1690 395 1724 Surdus
421 1689 524 1730 audit,
548 1690 704 1730 loquitur,
889 1690 949 1726 5b.
970 1691 1076 1724 Error
1101 1690 1180 1732 abit,
1207 1691 1340 1732 veritas,

265 1739 378 1772 Mutus
408 1738 547 1771 daemon
569 1738 715 1780 pellitur,
973 1739 1104 1781 Regnat
1124 1741 1158 1771 et
1183 1739 1351 1772 calamitas

267 1787 363 1821 Salus
390 1790 424 1819 et
447 1787 496 1820 vis
521 1786 683 1827 redditur,
973 1788 1083 1829 Fugit,
1110 1787 1200 1820 redit
1225 1788 1375 1829 caecitas,

315 1836 470 1877 Languor
497 1835 594 1868 cedit.
1022 1837 1124 1870 Visus
1148 1836 1246 1870 redit.

178 1897 239 1932 6a.
266 1895 420 1936 Taurine,
446 1902 600 1935 propera,
890 1894 952 1928 6b.
974 1895 1056 1927 Tres
1081 1894 1197 1926 mortis
1222 1894 1360 1927 nexibus

265 1944 424 1978 Premunt
448 1951 507 1975 nos
534 1942 670 1984 scelera,
975 1942 1110 1976 Solvisti
1134 1942 1298 1984 precibus,

315 1993 420 2034 Opem
443 1991 573 2024 miseris
1021 1992 1087 2024 Per
1110 1994 1145 2024 te
1171 1991 1311 2024 ditemur

363 2041 521 2074 accelera.
1069 2040 1257 2074 virtutibus.

261 2108 347 2137 Miss.
368 2117 423 2136 ms.
437 2108 624 2136 Ebroicense
645 2113 723 2134 saec.
749 2104 793 2135 15.
809 2107 882 2136 Cod.
895 2107 1072 2136 Ebroicens.
1087 2105 1135 2136 99.
1149 2123 1186 2127 —
1201 2108 1287 2136 Mel.:
1308 2110 1533 2141 Laetabundus.

640 2199 710 2232 425.
750 2200 795 2233 De
814 2202 929 2233 saneta
948 2201 1078 2234 Ursula.

182 2265 240 2301 la.
267 2264 442 2297 Excitetur
468 2262 611 2295 omnium
891 2263 951 2298 1b.
976 2263 1045 2296 Dat
1067 2264 1219 2298 undecim
1241 2266 1367 2299 milium

317 2312 476 2345 Nostrum
500 2311 555 2343 hie
581 2310 721 2351 devotio,
1023 2312 1104 2345 Dies
1129 2312 1211 2346 haec
1237 2323 1310 2347 cum
1333 2317 1451 2357 gaudio

268 2361 379 2395 Omnis
405 2369 470 2393 vox
493 2360 686 2393 laetantium
974 2360 1092 2394 Festos
1116 2361 1232 2395 choros
1259 2365 1406 2398 cordium

316 2410 445 2444 Psallat
475 2418 548 2442 cum
573 2407 730 2450 tripudio.
1025 2410 1196 2452 Virginum
1221 2414 1389 2456 martyrio.
