1652 2678
732 79 997 116 -185—

194 175 277 210 132..
304 176 448 217 Tempus
473 186 629 218 praesens
655 178 826 221 disparuit,
896 179 981 213 131),
1003 178 1088 210 Nam
1112 177 1146 210 in
1174 177 1308 210 coelesti
1333 177 1414 210 solio

303 224 379 257 Vita
401 226 555 265 perennis
583 227 708 266 claruit,
1002 226 1122 259 Laetus
1147 226 1273 267 potitur
1298 225 1426 266 gaudio.

193 282 275 316 14a.
303 283 425 315 Vivens
450 284 534 316 mira
558 285 660 318 multa
685 283 773 325 fecit,
895 285 979 319 141),
1001 284 1105 323 Facit,
1133 283 1212 316 fecit
1235 286 1314 315 tunc
1339 285 1370 314 et
1393 283 1500 324 modo,

303 331 368 364 Sed
379 334 600 372 postmortem
609 334 683 374 plus
692 333 834 374 peregit3
1005 333 1064 373 Qui
1090 332 1239 365 mirando
1265 331 1348 363 vixit
1375 332 1482 365 modo.

194 388 237 422 15
247 397 276 422 a.
306 389 404 430 Cujus
430 390 579 430 placatus
602 390 765 432 precibus⁷
895 391 978 426 151).
1000 392 1158 431 Purgatos
1184 399 1241 422 nos
1268 390 1439 422 clementia

305 437 452 470 Christus
476 440 621 479 peccatis
647 439 795 472 omnibus
1003 439 1126 480 Dignos
1152 438 1270 471 reddat
1296 441 1329 469 et
1353 438 1467 478 gratia.

208 562 215 567 .
257 522 389 590 {rosan
410 533 466 552 ms.
486 525 717 553 Marchianense
737 532 815 553 saec.
840 523 884 553 15.
907 524 978 553 Cod.
992 525 1141 554 Duacens.
1165 523 1229 554 123.
1250 538 1288 544 —-
1311 521 1363 557 11),
1388 522 1402 551 1
1425 525 1534 559 mystev

189 569 238 588 na
290 570 313 590 S.

632 664 700 696 245.
742 664 786 695 De
807 666 915 697 sancto
937 665 1100 697 Germano.

216 745 275 778 la.
301 745 461 778 Gloriosis
488 753 560 777 cum
585 746 726 778 modulis
921 745 978 780 lb.
1000 745 1159 778 Eruditus
1185 746 1239 778 hic
1264 745 1368 778 literis

302 793 521 826 Decantemus
547 802 634 826 nunc
658 794 819 834 praesulis
1004 792 1234 827 Praefecturae
1259 803 1331 826 cum
1356 793 1467 827 liberis

350 840 505 874 Germani
529 843 717 883 praeconia,
1051 842 1150 875 Rexit
1170 842 1356 876 tribunalia.

215 901 273 934 2a.
301 899 466 932 Resolutis
493 900 569 932 hinc
594 900 750 941 temporis
919 899 979 933 2b.
1001 899 1142 932 Multum
1167 900 1246 932 licet
1271 900 1347 932 hinc
1371 901 1524 940 renitens,

299 947 424 980 Diebus
449 957 525 981 mox
550 949 717 981 Amatoris
1002 947 1110 980 Invite
1134 950 1259 981 tractus
1284 948 1419 981 relitens

351 996 532 1029 Germanus
559 998 697 1038 eligitur.
1050 996 1105 1028 Ad
1131 1005 1240 1029 arcem
1264 996 1445 1037 projicitur.

215 1055 272 1087 3a.
300 1055 449 1087 Antistes
478 1055 554 1087 (lum
580 1055 761 1095 ordinatur,
917 1054 976 1088 31).
1002 1054 1102 1086 Novis
1128 1055 1260 1095 praesul
1285 1062 1384 1086 novos
1410 1062 1515 1087 mores

300 1103 402 1143 Quam
428 1103 552 1144 habuit,
581 1106 732 1144 erogatur
1002 1101 1115 1142 Coepit
1140 1103 1320 1135 mundanos
1346 1102 1483 1135 honores

347 1152 503 1185 Facultas
528 1152 746 1193 pauperibus3
1046 1151 1250 1191 Postponens
1277 1151 1482 1183 coelestibus.

213 1210 273 1242 4a.
301 1210 396 1244 Uxor
424 1210 520 1242 datur
544 1209 579 1242 in
604 1218 749 1242 sororem
915 1208 975 1242 4b.
1000 1207 1145 1248 Sumpsit
1156 1211 1328 1250 postquam
1343 1208 1531 1249 dignitatem

301 1258 468 1292 Castitatis
495 1261 631 1298 propter
655 1256 768 1290 florem
1001 1256 1096 1289 Vitae
1120 1266 1196 1289 raro
1221 1256 1427 1289 sanctitatem

346 1306 550 1339 Servandum
575 1314 790 1346 summopere,
1049 1304 1145 1338 Valet
1169 1305 1239 1345 quis
1267 1305 1459 1345 exprimere.

213 1366 272 1398 5a.
298 1364 404 1398 Annis
422 1364 497 1404 plus
516 1373 613 1404 quam
628 1364 683 1396 hic
695 1363 832 1405 triginta
915 1362 974 1396 5b.
997 1362 1107 1394 Vitam
1131 1365 1243 1396 artans
1265 1363 1399 1403 jejunio,

297 1413 491 1447 Praesulatu
516 1413 634 1446 sedens
662 1415 778 1444 cuncta
1000 1410 1119 1444 Somno
1144 1411 1247 1452 brevi,
1276 1411 1381 1443 cilicio

344 1461 429 1493 Fide
454 1460 583 1501 plebem
610 1461 731 1502 docuit,
1050 1459 1163 1492 Carnis
1189 1462 1295 1492 motus
1323 1460 1455 1492 domuit.

207 1520 267 1552 6a.
295 1519 448 1552 Tunicali
472 1521 564 1552 veste
586 1523 680 1553 tanta
917 1518 975 1552 6b.
1000 1518 1119 1552 Jacens
1144 1520 1266 1551 stratus
1291 1517 1326 1549 in
1353 1517 1471 1561 cinere,

292 1568 451 1609 Aestatis,
478 1567 616 1601 hiberno
642 1570 763 1610 quanta
999 1566 1148 1607 Ejulans‚
1175 1576 1271 1599 orans
1296 1574 1426 1607 gemere

342 1617 506 1657 Tempore
528 1618 721 1659 contegitur,
1049 1614 1171 1648 Crebro
1197 1624 1262 1647 non
1288 1614 1473 1656 ambigitur.

210 1676 267 1708 7a.
295 1675 361 1716 Sal,
380 1675 531 1715 legumen
546 1684 609 1707 nec
621 1674 829 1715 frumentum,
916 1673 975 1707 71).
997 1673 1090 1715 Jugis
1117 1674 1186 1714 ejus
1214 1673 1294 1705 cinis
1320 1670 1408 1705 fotus

295 1726 436 1757 Acetum
460 1732 625 1763 nunquam
651 1722 829 1756 fomentum
1001 1722 1081 1756 Cum
1105 1720 1229 1754 hordeo
1254 1721 1344 1753 latex
1368 1723 1475 1761 potus,

343 1771 415 1804 Nec
442 1772 548 1804 oleum
574 1772 737 1813 praebuit.
1049 1770 1152 1802 Aliud
1177 1770 1225 1802 nil
1250 1769 1341 1803 aluit.

209 1832 270 1865 8a.
298 1830 347 1863 Ob
374 1830 532 1862 honorem
556 1831 611 1863 hic
638 1830 783 1862 divinum
917 1829 978 1864 8b.
1000 1828 1107 1869 Digne
1131 1828 1237 1861 sancti
1262 1827 1371 1868 glossa
1395 1835 1513 1868 mores,

294 1879 352 1912 Bis
377 1879 412 1911 in
436 1887 520 1911 anno
547 1879 631 1912 solet
657 1878 767 1911 vinum
1001 1877 1166 1910 Virtutum
1191 1876 1293 1917 signa,
1321 1877 1487 1916 squalores

342 1930 458 1968 Aquae
482 1927 619 1960 mixtum
645 1935 783 1967 sumere,
1048 1924 1124 1958 Non
1149 1925 1287 1957 valescit
1310 1933 1470 1965 promere.

209 1987 267 2020 9a.
296 1986 393 2020 Orbis
418 1985 499 2019 fines
519 1986 689 2029 illustrari,
916 1984 977 2019 9b.
1000 1982 1229 2025 Refulgentem
1252 1983 1418 2016 miraculis

293 2035 382 2068 Mira
406 2043 467 2075 per
491 2035 578 2068 hunc
604 2035 744 2076 operari,
1000 2032 1211 2073 Veneremur,
1237 2041 1257 2064 a
1281 2031 1419 2065 vinculis

344 2083 408 2116 Dei
433 2083 538 2116 virtus
566 2084 684 2124 voluit3
1048 2080 1110 2120 Qui
1134 2081 1283 2114 detentos
1310 2080 1404 2114 eruit.

184 2143 266 2177 lOa.
294 2141 348 2174 Ex
372 2141 490 2175 animis
516 2142 672 2175 redivivit
893 2142 937 2175 10
947 2140 977 2172 b.
999 2139 1129 2172 Norunt
1154 2147 1249 2180 opem
1276 2142 1308 2171 et
1334 2138 1496 2180 Brstones,

292 2193 390 2232 Puer,
418 2192 538 2231 pontus
564 2190 712 2224 obedivit
999 2188 1084 2221 Dum
1107 2189 1172 2221 alle
1196 2196 1350 2229 promens
1377 2187 1521 2222 Saxones

342 2241 408 2274 Per
433 2239 540 2272 oleum
566 2239 707 2273 sedatus.
1047 2236 1157 2278 Fugat
1179 2237 1250 2277 luja
1275 2236 1452 2277 praelatus.

185 2302 228 2336 11
241 2309 271 2333 a.
301 2298 430 2340 Sepulti
456 2296 494 2331 fit
517 2306 579 2338 per
603 2297 767 2338 sepultum
892 2295 978 2331 11b.
1003 2295 1091 2337 Ignis
1115 2296 1184 2336 ejus
1209 2295 1387 2336 hospitium

296 2347 458 2390 Suffragio
484 2347 590 2384 sancti
615 2344 734 2379 fultum
1001 2344 1251 2377 Transcendens
1261 2343 1327 2377 fert
1340 2345 1387 2380 nil
1402 2346 1532 2379 noxium

342 2398 383 2431 In
408 2396 543 2430 coelesti
560 2396 653 2437 solio,
1051 2392 1116 2425 Sed
1143 2393 1260 2426 ceteris
1288 2394 1381 2430 ustio.
