1652 2678
662 122 706 127 -—
757 99 825 138 211
878 121 926 127 *-

550 195 619 227 282.
662 195 698 228 In
718 195 870 228 'transitu
889 204 913 228 s.
934 195 1058 228 ffildae.

154 264 214 298 la.
241 263 368 306 sponso
393 264 514 299 festiva
538 267 705 307 gratulans

242 322 362 354 sponsa
386 314 477 356 virgo
504 315 642 348 ecclesia

157 373 214 405 Za.
243 371 344 411 Quem
368 373 550 413 speciosum
575 371 681 406 forma

238 418 499 462 praefulgentem
527 423 559 454 et
587 422 690 463 gratia

154 479 212 512 32.
240 477 340 518 Cujus
357 479 597 520 praepollentia

241 524 454 560 formositatis
478 527 621 568 insignia

153 586 214 618 4a.
241 583 334 617 Haec
358 585 526 626 virginalis
548 585 656 618 hostia

240 634 328 666 coelo
352 636 560 666 consecratur
576 633 771 675 gratissima.

154 692 213 725 5a.
240 690 345 732 Regia
368 691 473 731 stirpe
498 690 596 734 edita,

239 747 407 772 servorum
425 738 547 771 Christi
571 738 609 771 fit
626 737 768 780 famula3

154 798 211 830 6a.
238 796 302 829 Dei
327 797 489 837 sapientia

238 845 355 877 sedens
382 844 451 886 ejus
475 845 511 877 in
536 845 645 878 anima

154 905 212 937 7a.
238 903 339 936 Rexit
361 903 542 936 monastica

239 951 379 984 coelibes
404 952 528 993 regula,

156 1011 214 1044 Sa.
241 1009 312 1042 Deo
334 1009 404 1048 jam
429 1008 569 1042 fruitura

240 1058 382 1090 exsultat
405 1058 495 1100 virgo
521 1058 612 1099 regia

155 1116 214 1149 9a.
241 1115 327 1148 Nam
351 1124 490 1156 sponsus
514 1125 586 1149 eam
605 1116 741 1149 invitat:

242 1172 327 1204 vem,
355 1173 460 1196 amma
485 1173 566 1204 mea,

130 1222 210 1256 10a.
238 1221 334 1254 Felix
361 1230 495 1262 corpore
519 1222 625 1255 libera

239 1270 282 1303 ad
310 1270 390 1302 coeli
415 1270 544 1303 scandit

240 1327 310 1350 cum
332 1318 454 1359 angelis
479 1327 591 1360 regna,

129 1376 210 1410 lla.
238 1375 312 1409 Jam
336 1384 406 1417 nos,
434 1385 452 1408 ο
478 1375 569 1417 virgo
593 1376 699 1417 beata,

237 1428 292 1456 tuo
317 1426 453 1464 precatu
478 1424 607 1465 adjuva,

856 268 873 302 1
886 267 919 301 1).
940 268 1048 301 Dulce
1074 268 1250 300 decantans
1272 266 1391 307 jubilat

939 316 1126 350 solemniter
1149 315 1305 355 Alleluja.

855 375 913 408 2b.
937 376 1149 415 Amplectens
1175 373 1320 415 virginea

938 432 1089 464 sponsum
1116 425 1260 455 sectatur
1283 422 1410 455 chorea.

855 480 916 514 3b.
937 480 1041 513 Hilda
1063 483 1172 513 mente
1196 478 1326 512 fervida

939 528 1097 570 gliscebat
1123 537 1220 561 carne
1244 528 1440 570 perdomita.

855 587 916 620 41).
938 586 998 619 Pia
1018 587 1121 627 virgo,
1150 587 1294 627 virginea

940 635 1009 675 regi
1025 635 1152 669 Christo
1169 635 1315 667 nutriens
1328 633 1467 675 agmina,

855 693 913 726 51),
934 693 1051 726 Mundi
1078 695 1282 726 contemnens
1308 692 1427 734 gaudia

936 740 1048 774 sitiens
1074 742 1218 781 suspirat
1243 741 1373 773 coelica.

854 798 913 832 6b.
934 798 1002 831 Dat
1025 799 1115 839 pacis
1143 798 1277 831 consilia

939 849 971 879 et
995 847 1109 879 salutis
1133 846 1326 880 hortamina.

854 905 915 938 71).
937 905 1061 938 Fervet
1082 905 1220 945 Justitia‚

937 953 1039 994 pollet
1065 953 1211 986 scientia.

854 1011 914 1045 8b.
939 1010 1044 1044 Carne
1071 1011 1182 1043 dolens
1208 1013 1321 1043 tenera

936 1062 1152 1100 praeparatur
1177 1059 1219 1091 ad
1244 1058 1386 1092 aethera.

853 1117 913 1151 sb.
935 1116 1045 1150 Imber
1069 1116 1151 1149 abiit
1175 1119 1209 1149 et
1235 1116 1358 1157 pluvia,

936 1165 1020 1206 veni,
1048 1163 1191 1197 formosa
1214 1173 1295 1197 mea.

830 1222 914 1257 101),
940 1223 1008 1263 Qua
1034 1231 1105 1254 cum
1131 1222 1265 1263 virginis
1292 1222 1420 1254 cantica

938 1271 1045 1303 choris
1072 1271 1225 1314 decantat

936 1327 1017 1360 agno
1041 1327 1195 1359 virgmea.

830 1376 870 1410 11
881 1376 911 1409 b.
935 1376 982 1410 Ut
1005 1376 1039 1408 in
1065 1378 1251 1409 sanctorum
1276 1375 1386 1416 patria

935 1424 1029 1457 nobis
1054 1424 1098 1456 sit
1122 1428 1228 1456 tecum
1254 1424 1367 1465 gloria.

205 1501 291 1530 Miss.
312 1509 366 1529 ms.
388 1500 580 1530 Whithiense
600 1509 677 1529 saec.
702 1499 746 1529 15.
771 1500 842 1529 Cod.
864 1500 1024 1529 Oxoniens.
1045 1500 1174 1529 Miscell.
1196 1500 1312 1536 Liturg.
1334 1497 1391 1529 2:70

469 1613 538 1646 283.
579 1614 616 1646 In
635 1613 851 1646 Decollatione
872 1621 899 1645 s.
922 1613 1074 1646 Johannis
1096 1613 1128 1645 B.

130 1685 189 1720 1a.
211 1684 392 1718 Jubilemus
418 1694 528 1718 omnes
551 1695 618 1719 una

263 1734 416 1766 concordi
441 1734 576 1775 laetitia,

131 1792 191 1826 2a.
221 1790 406 1832 Concrepet
428 1792 530 1823 melos
555 1800 706 1824 sonomm

211 1839 258 1872 Et
281 1839 421 1872 modulis
448 1848 641 1881 organorum

262 1887 405 1922 Plaudat
430 1888 510 1921 haec
536 1888 683 1931 ecclesia,

130 1947 189 1981 aa.
215 1945 280 1979 Hic
299 1948 349 1978 est
363 1945 431 1987 ille,
449 1954 543 1987 quem
558 1946 633 1980 dum
648 1946 770 1979 ventris

265 1994 441 2028 Clauderet
464 1995 622 2037 angustia,

128 2054 187 2090 42,
212 2053 278 2086 Hic
305 2053 407 2095 digito
434 2053 618 2094 designavit

211 2101 258 2134 Et
281 2102 446 2135 mundana
470 2102 649 2143 baptizavit

260 2149 475 2184 Auferentem
505 2151 592 2192 vitia,

126 2210 186 2243 5a.
212 2209 279 2242 Hic
303 2208 427 2243 invicta
451 2209 574 2244 Christi
601 2218 720 2250 praeco

261 2257 413 2292 Numinis
436 2257 600 2291 industria

125 2319 187 2352 6a.
215 2317 321 2359 Igitur
346 2317 509 2351 Herodias

209 2366 349 2401 Molitur
371 2366 509 2399 insidias

257 2416 406 2457 Urgente
426 2415 584 2457 nequitia.

854 1685 914 1718 11).
936 1685 1145 1719 Celebrantes
1171 1685 1349 1719 hodiernae

987 1734 1052 1766 diei
1077 1733 1244 1767 solemnia.

855 1792 915 1824 2b.
942 1791 1021 1824 Cum
1045 1791 1207 1832 propheta
1231 1792 1380 1825 veritatis

937 1840 1100 1881 Nequitiis
1132 1840 1303 1873 debellatis

986 1888 1180 1930 Triumphat
1204 1888 1237 1921 in
1262 1889 1377 1930 gloria.

855 1946 915 1981 5-3b.
941 1946 1069 1979 Christo
1095 1947 1198 1979 sensit
1218 1947 1432 1980 exsultantem

986 1995 1097 2028 Mater
1119 1995 1217 2028 matri
1242 1996 1347 2028 obvia.

853 2054 915 2088 41).
936 2053 1009 2086 Nec
1036 2054 1192 2094 majorem
1217 2052 1306 2087 fudit
1330 2063 1368 2088 eo

939 2101 1124 2144 Conjugalis
1146 2105 1230 2135 teste
1254 2103 1324 2136 Deo

989 2150 1132 2193 Copulae
1157 2150 1319 2185 fecundia.

855 2210 914 2244 51).
936 2209 1139 2243 Prohibebat
1161 2210 1231 2253 regi
1254 2211 1389 2244 moecho

984 2257 1148 2292 Fraterno„
1171 2259 1330 2301 conjugia.

854 2317 913 2352 6b.
936 2317 981 2350 Et
1007 2318 1134 2357 angusti
1162 2319 1302 2351 carceris

937 2366 1138 2399 Exsecrator
1161 2367 1299 2400 Veneris

987 2416 1126 2449 Punitur
1149 2417 1310 2450 molestia.

1232 2471 1293 2502 14*
