1652 2678
812 116 1072 151 -112-

275 217 332 249 3a.
359 215 424 248 Per
449 218 483 247 te
507 214 618 248 florem
972 212 1031 248 3b.
1058 211 1149 244 Dans
1176 213 1349 245 eandorem

403 263 570 302 Puritatis,
1106 259 1288 299 Castitatis,

359 312 423 344 Per
448 315 481 343 te
506 320 609 344 rorem
1055 307 1146 340 Dans
1172 307 1324 339 ardorem

407 360 542 392 Pietatis
1105 355 1270 398 Caritatis,

360 408 492 442 Cunctis
519 407 697 448 digniorem
1055 403 1100 436 Et
1125 406 1202 443 post
1225 404 1311 436 hunc
1335 403 1479 436 laborem

409 455 533 488 Creatis
1103 452 1215 485 Beatis

361 504 431 537 Sibi
455 503 653 535 reconciliet.
1056 499 1125 532 Nos
1149 500 1297 534 Christus
1320 500 1469 535 associet.

351 579 439 607 Grad.
461 587 514 606 ms.
537 587 612 606 saec.
637 575 681 605 14.
702 576 774 604 Cod.
796 576 957 604 Oxoniens.
977 576 1106 605 Miscell.
1126 576 1242 614 Liturg.
1264 575 1330 606 357.

718 699 780 731 148.
824 700 868 731 De
887 699 985 732 beata
1004 698 1105 731 Maria
1126 699 1161 730 V.

271 787 329 820 la.
357 782 589 816 Laetabundus
971 781 1030 815 ib.
1053 781 1178 822 Regem
1203 791 1325 824 regum,

357 830 402 863 Et
425 832 588 872 jucundus
1054 829 1186 862 Vectrix
1216 830 1332 872 legum,

406 880 529 913 Psallat
557 880 672 912 chorus
697 878 812 911 hodie:
1103 878 1211 911 Thoro
1237 878 1413 919 pudicitiae

354 929 534 962 Benedicta
1055 926 1104 958 Tu
1129 927 1300 967 praeclara

405 977 461 1016 Es,
491 977 653 1010 coelorum
677 975 800 1017 regina.
1106 974 1269 1015 Peperisti
1296 975 1435 1008 domina.

274 1038 332 1070 za.
359 1035 493 1068 Balaam
522 1035 563 1068 de
973 1032 1033 1066 21).
1057 1031 1166 1073 Digna
1188 1032 1294 1065 Deum

404 1093 466 1125 quo
491 1084 712 1124 praedixerat,
1105 1081 1216 1113 nutrix
1242 1082 1346 1114 aleres

356 1132 497 1164 Matrem
525 1131 645 1165 Christi
1057 1129 1103 1162 Et„
1127 1130 1247 1162 sacrati

405 1181 630 1222 praeelegerat,
661 1201 664 1204 -
1104 1187 1229 1211 summa
1252 1177 1348 1211 fieres

451 1229 500 1262 Te
524 1229 612 1262 Deus
638 1231 741 1270 pater.
1151 1227 1197 1260 Ut
1221 1226 1284 1259 Dei
1308 1228 1422 1260 mater.

273 1288 329 1321 Sa.
357 1287 422 1320 Per
445 1290 479 1318 te
503 1287 561 1320 lux
586 1290 619 1319 et
640 1286 761 1319 veritas
971 1285 1030 1319 310.
1055 1283 1152 1325 Cujus
1173 1285 1300 1326 pollens
1324 1284 1450 1326 species

355 1334 479 1375 Corpus
505 1336 643 1376 sumpsit
667 1335 781 1377 deitas,
1056 1332 1163 1366 Solem
1192 1334 1295 1366 vincit,
1318 1333 1437 1366 millies

407 1384 474 1424 Quo
501 1384 668 1416 salvantur
694 1383 821 1424 omnia3
1105 1382 1143 1414 In
1170 1383 1302 1415 coelesti
1327 1382 1445 1424 patria.

270 1445 330 1477 42.
357 1441 407 1474 De
433 1447 524 1482 cujus
547 1442 688 1475 laetatur
970 1441 1030 1475 41).
1058 1440 1169 1474 Omnis
1193 1439 1339 1473 fidelium

403 1490 558 1523 memoria
1105 1489 1251 1522 ecclesia.

348 1566 437 1595 Grad.
459 1576 512 1595 ms.
534 1575 611 1595 saec„
635 1564 679 1595 14.
699 1566 769 1594 Cod.
792 1565 956 1594 Oxoniens.
977 1565 1104 1594 Miscell.
1125 1566 1240 1603 Liturg.
1262 1563 1327 1595 357.
1349 1581 1384 1587 υ-
1403 1563 1454 1602 lb,
1476 1563 1495 1594 3
1517 1566 1628 1595 Choro-

270 1606 444 1643 pudicitiae.
467 1621 503 1624 —
525 1604 577 1640 21),
603 1605 617 1634 1
639 1605 734 1642 Signa
757 1606 863 1633 Deum.

716 1727 780 1760 149.
820 1728 866 1760 De
887 1728 986 1760 beata
1007 1727 1111 1761 Maria
1130 1728 1166 1759 V.

274 1812 331 1846 ia.
360 1810 482 1843 Beatae
507 1811 642 1853 virginis
973 1811 1032 1845 lb.
1058 1810 1179 1844 Carens
1207 1811 1341 1852 originis

405 1858 575 1892 Fecundat
601 1861 729 1893 viscera
1106 1859 1198 1892 Labe
1224 1869 1390 1901 puerpera

357 1907 414 1939 Vis
439 1908 544 1941 sancti
569 1909 715 1950 spiritus,
1058 1907 1121 1940 Dei
1147 1911 1179 1941 et
1201 1909 1341 1942 hominis

404 1955 479 1989 Nou
506 1958 612 1989 carnis
638 1966 747 1999 opera.
1106 1957 1175 1989 Dat
1197 1966 1281 1990 nova
1307 1957 1451 1991 foedera.

274 2016 331 2048 2a.
358 2014 486 2047 Ardere
511 2016 655 2048 cernitur
977 2016 1037 2049 2b.
1062 2014 1117 2047 Sic
1141 2024 1202 2048 nec
1225 2015 1444 2057 corrumpitur

406 2063 547 2095 Ardenti
571 2065 665 2097 radio
1109 2063 1273 2105 Concepto
1298 2063 1366 2098 filio

358 2111 472 2143 Rubus
497 2121 559 2144 nec
581 2113 687 2145 uritur
1059 2112 1160 2154 Virgo
1185 2122 1247 2145 nec
1270 2113 1413 2147 laeditur

407 2160 496 2201 Ignis
519 2161 680 2194 incendio.
1108 2161 1147 2194 In
1168 2163 1353 2203 puerperio.

275 2219 333 2251 Sa.
360 2216 502 2249 Miratur
523 2219 607 2251 ratio
974 2219 1032 2253 31).
1054 2219 1126 2251 Nee
1150 2219 1208 2252 fiet
1232 2222 1379 2262 quaestio

407 2265 512 2297 Deum
535 2267 571 2298 in
595 2266 724 2300 homine
1083 2268 1133 2300 De
1158 2271 1249 2302 tauto
1274 2270 1407 2310 lumine,

361 2312 517 2354 Suscepto
542 2314 610 2348 filio
1057 2315 1107 2351 Sit
1132 2316 1215 2350 fides
1241 2318 1335 2358 ratio,

407 2361 459 2393 De
483 2366 587 2395 matre
612 2363 747 2404 virgine.
1107 2365 1218 2397 Virtus
1243 2375 1304 2406 pro
1330 2363 1475 2399 semine„

354 2435 441 2464 Grad.
462 2446 516 2465 ms.
539 2446 614 2466 saec.
638 2436 682 2466 14.
706 2438 778 2467 Cod.
800 2438 961 2467 Oxoniens.
982 2440 1108 2468 Miscell.
1129 2441 1246 2477 Liturg.
1269 2438 1336 2468 357.
