1652 2678
215 197 272 230 32..
299 193 387 227 Vicit
409 193 541 225 vincens

349 241 455 274 Verba
480 238 660 279 tyrannica,

298 288 387 322 Vicit
412 289 551 321 clemens

346 337 508 370 tormenta
532 334 670 375 saevioa,

297 386 478 419 Patientem

347 432 450 466 virtus
476 428 622 471 angelica

394 479 594 512 Consolatur.

215 541 274 573 4a.
300 538 440 570 vincens
466 535 546 568 vicit

344 586 483 617 tortores
510 582 656 624 corporis

296 633 475 666 Laceratus

346 680 378 714 vi
405 680 469 713 diri
493 678 646 721 pectoris,

297 729 372 762 Non
396 727 484 769 quod
507 728 594 760 intus

346 776 403 809 sed
429 776 464 809 id
490 775 576 815 quod
604 772 726 807 deforis

393 823 528 865 Semper
553 822 625 855 fuit.

215 885 274 918 5a.
302 883 328 916 O
355 881 513 920 Vincenti,

346 931 388 963 da
414 930 507 962 dulce
532 928 684 969 medium,

297 979 362 1012 Per
387 978 472 1018 quod
497 976 610 1010 mundi

344 1027 499 1059 vincanus
525 1024 677 1068 taedium,

297 1074 362 1107 Per
385 1077 418 1106 te
444 1073 507 1106 reis

345 1123 431 1154 vitae
456 1121 633 1154 remedium

392 1170 599 1210 Impetretur.

843 87 913 126 328
964 106 1015 113 —-

911 185 972 220 3b.
995 184 1069 218 Non
1094 181 1251 225 pugnavit

1044 240 1105 272 per
1129 238 1220 263 arma
1247 227 1376 269 bellica,

995 280 1061 314 Sed
1088 287 1150 313 vox
1176 279 1246 311 erat

1044 330 1078 360 et
1101 326 1203 360 verba
1230 325 1362 365 coelica⁷

995 376 1060 410 Pro
1085 384 1148 417 quo
1173 374 1306 408 tandem

1041 424 1078 456 in
1105 423 1187 456 coeli
1211 420 1340 455 fabrica

1093 471 1271 506 Gloriatur.

910 529 973 565 4b.
992 530 1083 571 Ergo
1108 527 1235 562 fructus

1042 577 1152 611 vitalis
1178 577 1305 611 arboris

993 625 1166 660 Vincentio

1044 674 1183 707 valentis
1206 674 1333 709 roboris

994 722 1196 763 Debebatur,

1045 771 1100 812 qui
1125 771 1190 803 vim
1213 768 1367 805 facinoris

1091 818 1247 859 Diripuit.

911 876 971 911 5b.
994 876 1056 910 Dei
1081 885 1142 918 per
1167 880 1200 909 te

1042 926 1179 959 vitemus
1206 925 1326 967 odium,

997 973 1044 1007 Ut
1067 976 1143 1014 post
1166 974 1239 1007 viae

1042 1022 1225 1063 praesentis
1251 1021 1392 1055 stadium

995 1069 1043 1103 Te
1066 1071 1202 1111 rogante

1042 1126 1186 1157 perenne
1211 1119 1364 1160 gaudium

1091 1165 1195 1199 Nobis
1223 1166 1328 1201 detur.

291 1226 409 1254 Prosar.
424 1234 477 1253 ms.
492 1225 683 1253 Pisciaeense
691 1231 768 1252 saec.
785 1221 910 1251 15.God.
921 1222 1103 1250 Londinens.
1120 1222 1176 1258 Eg.
1188 1220 1274 1251 2601.
1289 1222 1365 1251 Mel:
1389 1222 1552 1261 Conceptio

211 1265 328 1294 Mariae
346 1265 483 1300 virginis.

633 1355 703 1388 434.
743 1355 786 1387 De
806 1355 916 1387 sancto
941 1353 1117 1387 Vincentio.

239 1431 295 1464 1a.
324 1428 450 1462 Psallat
475 1428 611 1460 ecclesia

321 1476 457 1510 Cantica
483 1476 601 1517 dulcia,

371 1523 442 1557 Rex
467 1523 528 1557 tibi
555 1523 692 1564 Christe,

239 1584 299 1617 2a.
325 1581 456 1621 Martyr
478 1581 669 1614 Vincentius

371 1629 425 1662 Ad
449 1638 569 1670 poenas
596 1630 745 1672 trahitur,

323 1677 389 1711 Sed
412 1678 513 1718 judex
537 1677 655 1719 impius

369 1725 422 1759 Ab
450 1735 487 1759 eo
514 1727 653 1759 vincitur

419 1774 596 1815 Victusque
623 1773 742 1807 deficit.

241 1834 297 1867 3a.
325 1831 454 1865 Gaudet
478 1832 570 1865 miles
595 1831 628 1865 in
654 1833 822 1866 tormentis

323 1880 369 1913 Et
392 1880 427 1912 in
452 1889 509 1913 ara
533 1889 634 1921 purae
659 1881 775 1914 mentis

371 1928 493 1961 Laudis
518 1928 611 1961 offert
636 1929 783 1973 hostiam,

325 1986 428 2019 Caeco
453 1987 580 2019 clausus
607 1986 746 2019 carceris

373 2033 479 2067 Antro
505 2035 698 2080 modulatur,

324 2092 469 2133 Angelus
495 2092 683 2133 obsequium

374 2140 515 2174 Praebet
540 2141 572 2173 in
600 2149 747 2182 caverna,

325 2197 432 2238 Mergi
457 2198 590 2231 tandem

372 2245 505 2285 jubetur
530 2255 678 2289 aequore,

326 2291 392 2326 Sed
421 2303 496 2328 mox
521 2297 620 2327 nauta

374 2343 479 2374 cernit
501 2342 535 2374 in
560 2343 680 2384 littore,

240 1988 297 2020 4a.

242 2092 298 2125 5a.

243 2198 299 2230 6a.

422 2389 522 2429 Quem
535 2391 736 2424 submersum
750 2390 855 2425 eredi-

686 2439 742 2473 dit.

936 1426 994 1460 11).
1018 1425 1116 1466 Cujus
1141 1426 1316 1466 praeconia

1018 1474 1150 1515 Martyr
1174 1475 1311 1507 victoria

1069 1522 1229 1555 Personat
1253 1523 1328 1557 iste.

935 1580 998 1615 2b.
1019 1579 1105 1612 Nam
1130 1589 1210 1621 quas
1234 1580 1406 1614 invexerat

1069 1629 1215 1670 Tyranni
1241 1629 1361 1670 rabieS‚

1021 1676 1151 1718 Martyr
1177 1680 1352 1718 exsuperat

1068 1726 1251 1759 Poenarum
1277 1726 1402 1767 species

1117 1773 1289 1816 Magisque
1314 1773 1455 1816 proficit.

938 1831 996 1866 3b.
1022 1830 1137 1864 Cordis
1164 1842 1222 1866 ara
1246 1833 1321 1865 thus
1346 1832 1505 1875 incendit,

1019 1879 1064 1912 Et
1089 1881 1213 1913 incensi
1238 1879 1345 1914 fumus
1371 1881 1479 1915 tendit

1070 1929 1106 1961 In
1134 1929 1197 1962 Dei
1227 1930 1457 1971 praesentiam.

938 1987 1000 2021 4b.
1022 1985 1103 2020 Cum
1128 1996 1148 2019 a
1173 1987 1278 2020 turbis
1303 1988 1431 2028 superis

1071 2037 1164 2069 Intus
1190 2036 1352 2069 visitatur.

939 2093 999 2128 5b.
1022 2093 1125 2127 Pavet
1145 2097 1253 2127 custos
1279 2094 1416 2128 nimium

1070 2142 1160 2175 Luce
1186 2143 1227 2175 de
1251 2152 1405 2184 superna.

938 2199 999 2233 6b.
1020 2200 1093 2235 Hoc
1117 2204 1276 2242 tyrannus

1071 2249 1213 2282 crudelis
1238 2250 1386 2292 audiens,

1022 2297 1129 2340 Furit,
1155 2296 1267 2331 fremit

1073 2350 1108 2379 et
1130 2345 1179 2378 sic
1203 2347 1368 2380 insaniens

1122 2393 1201 2427 Sese
1223 2396 1322 2428 morti
1347 2396 1499 2430 tradidit.
