1652 2678
679 114 941 149 —222—

143 211 202 244 2a.
229 210 277 243 Ut
300 211 458 253 triumphi
482 213 684 245 modulemur
840 211 899 244 2b.
923 211 1031 243 Verbo
1059 211 1170 243 doctos
1196 213 1371 251 superavit.

226 259 333 300 Digne
357 261 500 302 modum,
529 261 740 301 deprecemur
924 259 1035 291 Victos
1062 259 1162 291 verbo
1189 261 1387 294 consecravit

274 307 355 348 Ejus
380 309 572 350 patrocinia,
971 306 1074 339 Verbi
1099 307 1197 347 plena
1222 308 1338 348 gratia.

145 365 204 398 3a.
230 365 331 398 Istam
353 375 412 399 rex
437 365 663 401 incarceravit,
840 365 901 399 3b.
923 365 957 397 Is
983 365 1038 405 qui
1063 374 1137 397 suos
1162 375 1227 398 non
1251 366 1404 408 relinquit

223 410 327 454 Quam
354 414 501 447 coelestis
527 413 704 445 illustravit
925 413 1022 446 Suam
1047 413 1148 454 pavit,
1175 423 1311 454 pascens
1336 415 1458 456 inquit:

273 462 347 494 Lux
372 462 501 494 obscuri
526 461 645 500 nescia,
973 462 1131 495 Constans
1159 465 1237 503 esto,
1263 462 1341 496 filia.

142 520 201 554 cia.
227 519 320 551 Haec
346 519 493 551 ducentis
518 519 575 551 lux
600 519 718 559 illuxit,
839 519 900 553 4b.
922 519 1014 552 Haec
1038 528 1172 551 uxorem
1197 520 1282 560 regis
1307 521 1387 554 lavit

226 568 281 600 Ad
306 576 448 608 superna
473 576 552 608 quos
577 567 730 607 perduxit
922 569 954 600 A
979 567 1133 608 peccatis,
1160 577 1255 608 quam
1280 570 1402 602 roravit

274 615 337 647 Via
361 616 455 648 malis
479 615 577 648 invia.
968 615 1108 648 Deitatis
1133 616 1255 656 pluvia.

143 675 199 706 521.
226 673 331 706 Rotae
356 674 411 714 qui
440 676 634 706 tormentum
659 674 754 705 triste
839 674 896 707 5b.
919 674 1012 707 Patri
1033 674 1150 714 jungat
1173 683 1231 707 nos
1257 678 1400 716 aeterno,

227 720 455 756 Concremasti.
482 721 584 760 nobis
614 721 750 762 Christe,
924 721 981 755 Cui
1009 725 1114 754 turma
1140 723 1181 755 de
1205 732 1347 764 superno

271 769 421 810 Desuper
445 770 586 810 irradia3
970 769 1090 803 Caesae
1116 771 1207 803 venit
1231 772 1335 805 obvia.

216 855 300 882 Miss.
329 863 383 882 ms.
410 855 510 883 Cellae
531 854 561 883 S.
580 855 693 883 Eusitii
718 863 795 883 saec.
826 853 861 883 15
887 864 932 883 ex.
956 855 1026 883 Cod.
1049 855 1263 885 Cenomanens.
1293 856 1357 886 154.
1378 858 1414 885 A.
1436 874 1473 879 -—-

138 893 207 920 Lib.
228 902 281 921 ms.
298 892 481 921 Confi-atem.
496 894 716 922 Advocatorum
739 902 813 921 saec.
834 892 879 922 15.
895 894 966 922 Cocl.
985 894 1096 922 Semin.
1113 896 1327 924 cenomanens.
1339 895 1368 924 4.
1385 897 1419 925 B.
1435 913 1442 917 -
1466 913 1474 917 -

142 929 200 964 la,
222 929 239 958 2
263 932 321 966 Qui
341 931 374 959 B.
396 946 434 950 —
455 929 515 966 21),
539 930 554 959 1
576 932 684 960 docens
706 934 859 968 superavit
877 933 913 960 A.
934 947 972 951 —
993 930 1054 965 21),
1076 930 1094 959 2
1113 933 1214 962 Verbo
1237 937 1351 963 mentes
1373 944 1474 964 conse-

143 970 242 997 cravit
259 970 295 997 B.
314 985 355 990 —
374 967 426 1003 311,
450 968 466 997 1
487 979 566 997 nunc
586 971 707 1006 reliquit
725 971 762 997 A.
781 987 819 990 —
839 969 891 1004 4a,
914 969 929 998 1
951 971 1011 998 Hic
1033 971 1168 999 ducentis
1189 973 1223 999 A.
1240 988 1275 991 —
1289 971 1341 1007 4a,
1362 971 1380 1000 2
1402 974 1474 1002 fehlt

141 1007 179 1034 A.
201 1022 239 1027 —
258 1006 310 1041 4a,
332 1005 350 1036 3
370 1008 428 1036 Illa
448 1009 536 1036 malis
556 1009 592 1036 A.
612 1024 648 1028 -—
670 1007 724 1042 41»,
744 1007 759 1037 1
781 1009 842 1037 Hic
862 1010 964 1037 uxoris
984 1017 1084 1046 regem
1103 1010 1139 1036 A.

560 1149 626 1181 297.
667 1149 708 1181 De
731 1150 844 1181 sancta
867 1149 1059 1182 Katnarina.

141 1229 199 1262 la.
225 1228 312 1261 Nato
342 1229 445 1269 patris
471 1230 542 1261 sine
565 1232 679 1267 matre,
840 1230 898 1264 lb.
920 1230 981 1270 Qui
1005 1229 1133 1263 felicem
1159 1234 1189 1263 et
1215 1232 1383 1265 victricem

224 1276 310 1309 Nato
335 1277 449 1309 matris
475 1278 545 1309 sine
568 1281 662 1318 patre
921 1279 967 1312 Ut
992 1279 1136 1320 reginam
1162 1280 1379 1313 Katharinam

274 1324 380 1356 Detur
403 1325 474 1356 laus
502 1334 534 1357 et
558 1326 672 1367 glolia,
972 1327 1146 1360 coronavit
1171 1328 1285 1369 gloria.

141 1382 200 1414 2b.
225 1381 355 1415 Gaudet
381 1382 496 1414 chorus
523 1383 708 1416 coelestium
839 1384 899 1419 2b.
922 1385 1011 1426 Ergo
1037 1386 1153 1427 gaude,
1180 1386 1251 1418 Deo
1279 1387 1386 1428 digna,

225 1429 288 1462 Suo
316 1431 385 1471 regi
409 1431 618 1470 psallentium
921 1433 966 1465 Et
987 1442 1046 1465 nos
1071 1436 1187 1474 tecum,
1215 1444 1233 1467 0
1259 1435 1409 1477 benigna,

272 1478 324 1510 De
349 1481 405 1510 tua
429 1478 575 1519 victoria,
969 1481 1008 1514 In
1034 1482 1081 1513 tui
1104 1483 1269 1518 memoria.

140 1536 201 1570 32..
228 1535 329 1576 Virgo
354 1536 420 1576 pia,
448 1536 598 1577 gloriosa,
839 1538 898 1572 3b.
921 1539 986 1572 Sed
1004 1540 1180 1572 secundum
1200 1549 1328 1573 carnem
1346 1540 1476 1583 florens,

222 1583 288 1616 Per
312 1584 463 1623 spiritum
490 1584 612 1617 Christi
636 1594 756 1625 sponsa
924 1586 1034 1627 Stirpe
1061 1587 1188 1629 decens,
1223 1587 1329 1622 forma
1353 1599 1476 1632 recens,

273 1631 318 1664 Et
349 1632 451 1672 ipsius
477 1631 555 1673 filia,
975 1635 1064 1667 Costi
1089 1636 1174 1677 regis
1200 1635 1278 1671 filia.

140 1691 199 1723 4a.
227 1689 278 1721 Tu
302 1689 400 1721 unica
424 1690 615 1729 parentibus
841 1692 901 1725 4b.
924 1693 1118 1733 'Praecipuis
1150 1694 1291 1727 exterius

225 1737 420 1777 Disciplinis
445 1738 648 1770 scholaribus
925 1740 1135 1781 DoctoribuS,
1161 1742 1297 1776 interius

274 1786 404 1819 Imbuta
430 1786 595 1828 divinitus,
974 1789 1069 1822 Dono
1095 1791 1200 1823 sancti
1224 1792 1367 1832 spiritus.

139 1843 198 1878 5a.
224 1844 331 1885 Hujus
359 1844 463 1877 dulcis
489 1847 523 1877 te
546 1843 694 1885 perfudit
843 1847 903 1881 5b.
926 1848 995 1888 Qua
1021 1847 1138 1881 diffusa
1159 1849 1195 1881 in
1218 1850 1314 1882 labiis

223 1893 270 1926 Et
294 1893 403 1926 suavis
428 1896 462 1925 te
489 1894 599 1926 docuit
924 1896 1033 1937 Larga
1062 1898 1249 1937 supervenit
1274 1898 1336 1929 tuis

273 1942 313 1975 In
341 1942 488 1974 omnibus
520 1943 638 1984 unctio,
975 1944 1056 1984 Ejus
1086 1945 1276 1976 benedictio.

139 2001 197 2033 6a.
223 2000 280 2033 Ad
308 2003 471 2033 certamen
496 2001 648 2041 animata,
841 2001 898 2034 6b.
924 2001 1074 2034 Oratores
1100 2001 1254 2042 superati,

222 2048 321 2090 Signo
348 2049 453 2081 crucis
478 2049 644 2089 roborata,
922 2049 985 2080 Per
1009 2051 1041 2079 te
1065 2047 1184 2080 Christi
1210 2050 1308 2080 testes
1333 2047 1423 2091 facti,

271 2097 370 2138 Regis
394 2096 461 2129 fers
481 2097 630 2138 insignia,
970 2095 1139 2126 Possident
1166 2095 1328 2129 coelestia.

140 2156 196 2189 7a.
223 2155 304 2187 Post
329 2155 473 2196 reginam
500 2155 662 2195 egregium
838 2152 895 2186 71).
917 2151 1054 2183 Sociatis
1081 2153 1282 2196 conversisti,

221 2203 321 2243 Regis
349 2203 463 2235 ducem
488 2202 704 2242 Porphyrium
919 2199 1042 2238 Dignos
1068 2198 1138 2231 Deo
1164 2200 1339 2234 reddidisti

267 2251 424 2283 Ducentis
450 2250 606 2282 militibus
965 2245 1099 2278 Junctos
1127 2248 1207 2280 coeli
1234 2250 1367 2283 civibus.

135 2308 192 2340 8a.
219 2307 325 2348 Hujus
352 2308 456 2342 sancti
481 2307 629 2347 praedux
654 2304 733 2337 facti
833 2303 892 2337 81).
916 2304 992 2336 Post
1019 2312 1192 2346 carcerem,
1218 2310 1294 2347 post
1319 2309 1466 2356 verbera,

219 2354 295 2387 Non
321 2353 501 2394 frustraris,
531 2354 606 2386 dum
626 2352 769 2393 precaris
916 2351 991 2383 Post
1017 2354 1161 2385 rotarum
1186 2356 1348 2396 supplicia

263 2403 434 2435 Exorandi
457 2402 607 2443 spatium,
962 2399 1056 2433 Vitae
1081 2403 1194 2434 tenens
1218 2403 1376 2440 bravium.
