1652 2678
184 183 244 216 32..

185 668 244 701 la.

185 823 242 856 2a.

184 978 243 1010 3a.

183 1133 242 1165 4a.

185 1286 244 1319 5a.

191 1723 248 1758 la.

185 1879 244 1912 2a.

186 2133 247 2166 32..

275 183 479 217 Assumendo
504 193 569 217 nou
596 183 721 222 diffide,
885 184 945 218 3b.
967 183 1014 218 Ut
1035 185 1199 217 errantem
1222 186 1256 215 te
1280 183 1416 215 reducat

273 231 437 266 Christum
462 234 564 265 totum
591 242 662 266 esse
684 233 760 274 fide,
968 232 1014 266 Et
1037 233 1195 266 viatorem
1219 234 1253 263 te
1276 231 1383 273 ducat,

270 281 360 314 Vera
384 286 459 314 tene
485 283 518 313 et
544 280 670 315 confide
968 281 1081 314 Donec
1109 279 1144 313 in
1169 280 1292 312 coelum
1315 280 1473 321 perducat

318 329 357 362 In
384 330 451 370 ejus
476 330 672 371 praesentia,
1017 330 1072 363 Ad
1099 328 1167 369 ejus
1193 329 1365 362 consortia.

265 407 350 434 Miss.
372 406 588 435 Suessionense
608 408 678 444 imp.
701 407 829 436 Parisiis
852 404 936 436 1516.

626 519 675 551 43.
717 520 761 552 De
783 518 917 560 Corpore
942 518 1070 551 Christi.

653 588 783 620 Sabbato
808 587 887 618 infra
909 588 1059 619 Octavam.

270 666 376 708 Salve,
401 675 479 699 vera
503 667 590 699 salus
615 668 738 709 mundi,
888 668 949 702 lb.
971 668 1078 709 Salve,
1102 667 1197 709 panis
1223 667 1400 711 beatorum,

269 715 335 748 Per
360 723 456 756 quam
481 712 561 747 facti
587 724 695 748 sumus
715 715 827 748 mundi
972 716 1080 758 Cibus,
1105 717 1200 757 potus
1226 716 1386 749 viatorum

321 765 352 796 A
370 762 464 796 letali
489 763 586 804 viti03
1018 765 1169 804 Vei-aque
1193 762 1339 797 refectio.

269 822 295 855 Ο
323 831 418 862 quam
444 821 561 853 mirum
577 825 826 864 sacramentum,
887 822 944 855 210.
969 822 1016 855 Et
1039 831 1133 863 quam
1154 820 1319 862 profunda
1344 823 1472 859 caritas,

273 870 341 910 Quo
367 869 489 902 factum
516 871 566 902 est
590 870 777 903 alimentum
969 871 1039 910 Qua
1061 880 1120 903 sua
1144 868 1224 902 facit
1249 871 1354 903 deitas

317 918 391 958 Hie,
419 918 473 958 qui
498 918 603 958 pascit
628 919 745 960 omnia,
1020 920 1135 953 Omnia
1160 919 1348 951 communia.

270 976 360 1009 Deus
387 978 486 1016 caput
509 979 641 1009 nostrae
667 977 780 1015 tribus,
889 977 950 1010 ab.
971 977 1110 1010 Pellitur
1133 985 1232 1016 mors,
1257 977 1325 1009 vita
1351 977 1456 1013 datur,

271 1024 408 1066 Sanguis
434 1026 541 1064 potus.
573 1033 648 1058 caro
675 1026 777 1065 cibuS‚
969 1026 1056 1058 Pace
1079 1028 1170 1057 terra
1196 1024 1424 1057 circumdatur.

321 1074 411 1107 Coeli
438 1072 534 1104 datur
558 1073 731 1116 gaudium;
1018 1074 1104 1106 Nam
1130 1072 1277 1106 Christus
1310 1073 1344 1105 in
1369 1073 1524 1105 medium.

269 1131 358 1173 Ergo
384 1139 553 1171 surgamus
579 1131 667 1164 ocius
885 1132 946 1167 4b.
967 1132 1015 1165 Ut,
1038 1131 1198 1173 possimus
1224 1131 1400 1171 suscipere,

269 1180 314 1212 Et
338 1187 513 1221 purgemus
538 1180 694 1212 attentius
970 1180 1062 1220 Quod
1083 1179 1223 1212 mundus
1248 1180 1360 1220 nequit
1386 1185 1502 1220 capere

318 1227 433 1260 Nostri
456 1227 564 1259 cordis
590 1228 767 1264 vasculum.
1016 1228 1155 1260 Beatum
1176 1227 1238 1259 hoc
1264 1226 1434 1262 ferculum.

272 1285 328 1319 Sic
353 1289 515 1318 sumentes
541 1295 741 1319 assumamur
887 1286 944 1321 5b.
969 1287 1018 1320 Ut
1040 1286 1075 1318 in
1100 1285 1165 1318 fine
1190 1285 1378 1326 coaequales

268 1334 321 1367 Ab
353 1343 400 1374 eo,
426 1337 462 1365 ut
487 1334 636 1368 uniamur
970 1334 1081 1368 Sancti
1107 1333 1205 1366 simus
1232 1336 1265 1365 et
1289 1334 1418 1366 sodales

316 1382 459 1415 Membri
484 1382 533 1414 sui
561 1384 725 1424 corporis3
1019 1384 1098 1418 Cum
1127 1382 1281 1423 angelicis
1309 1382 1412 1414 choris

262 1460 346 1489 Miss.
370 1460 586 1489 Suessionense
606 1461 676 1497 imp.
697 1460 826 1489 Parisiis
849 1457 932 1489 1516.

633 1574 686 1606 44.
729 1574 773 1606 Do
795 1572 929 1615 Corpore
953 1574 1079 1606 Christi.

642 1643 801 1674 Dominica
821 1642 900 1673 infra
922 1642 1071 1674 Octavam.

274 1723 373 1756 Plebs
396 1722 515 1764 fidem,
541 1732 666 1764 manus,
694 1725 793 1757 corda
888 1723 946 1758 lb.
971 1723 1031 1763 Qui
1057 1729 1090 1756 te
1112 1722 1185 1755 cibo
1211 1723 1307 1762 panis
1332 1723 1402 1755 veri

272 1771 400 1804 Munda
422 1771 533 1811 sicque
557 1780 684 1804 sursum
710 1771 811 1805 corda
969 1772 1091 1813 Pascit,
1118 1771 1173 1811 qui
1196 1780 1315 1803 manna
1331 1772 1435 1803 veteri

318 1819 375 1852 Ad
400 1819 586 1862 Dominum,
1019 1820 1086 1853 Dat
1109 1819 1293 1853 terminum.

271 1877 336 1910 Hic
360 1876 455 1918 panis
482 1880 531 1909 est
555 1878 752 1919 angelorum,
887 1878 948 1913 2b.
971 1878 1174 1911 Accedamus
1198 1877 1319 1910 mundo
1346 1879 1454 1920 corde,

272 1926 350 1959 Vita
373 1927 491 1966 viaque
516 1926 690 1967 coelorum,
969 1926 1084 1959 Mente
1107 1935 1192 1968 pura
1215 1926 1287 1959 sine
1310 1927 1418 1969 sorde,

321 1975 460 2009 Animae
484 1973 632 2016 refectio,
1022 1974 1119 2009 Clara
1151 1973 1213 2008 fide
1237 1975 1339 2008 lucidi

319 2025 384 2058 Per
410 2032 504 2066 quem
527 2023 622 2056 nobis
648 2025 780 2065 adoptio
1019 2024 1065 2057 Et
1091 2023 1227 2058 caritate
1252 2022 1381 2067 fervidi,

369 2073 476 2106 Datur
500 2072 573 2107 Dei.
1067 2073 1185 2106 Fortes
1211 2073 1291 2113 spei.

272 2131 346 2164 Hoc
363 2134 413 2164 est
429 2139 540 2163 verum
558 2140 674 2172 corpus
693 2131 825 2172 Christi,
887 2130 944 2166 3b.
970 2131 1063 2164 Haec
1089 2134 1137 2164 est
1164 2134 1277 2163 nostra
1301 2131 1472 2175 medicina,

272 2179 410 2222 Sanguis
434 2188 553 2221 merus,
584 2180 699 2221 quibus
724 2180 813 2213 tristi
970 2181 1038 2221 Qua
1063 2189 1239 2222 purgamur
1264 2190 1284 2213 a
1308 2181 1437 2214 sentina

317 2229 428 2264 Morte
452 2237 561 2261 sumus
585 2229 726 2263 liberati.
1018 2229 1064 2262 Et
1089 2228 1133 2262 ad
1159 2228 1270 2261 divina
1293 2229 1412 2271 signati

541 2289 574 2321 4.
601 2287 708 2320 Simus
736 2288 864 2322 Christo
891 2297 1019 2330 semper
1045 2288 1139 2329 grati.

262 2367 348 2395 Miss.
371 2365 589 2395 Suessionense
614 2366 686 2401 imp.
706 2365 833 2394 Parisiis
861 2363 944 2394 1516.
972 2380 1010 2385 —
1035 2363 1094 2401 2a,
1117 2362 1137 2392 4
1155 2365 1214 2393 Per
1246 2375 1342 2403 quem.
1363 2382 1401 2387 —
1422 2365 1483 2401 212,
1507 2365 1527 2395 4

182 2406 226 2435 Et
246 2405 328 2435 fehlt.
351 2421 387 2425 —
409 2404 461 2439 3a,
482 2402 501 2432 2
522 2404 632 2441 quibus
655 2404 776 2435 Christi.
798 2421 834 2425 —
855 2402 910 2440 310,
931 2402 950 2434 3
970 2405 1013 2433 Et
1033 2413 1135 2434 sumus
1156 2404 1193 2433 ad
1214 2405 1325 2434 divina.
