1652 2678
669 115 909 151 —2g-

129 217 188 250 321.
211 216 317 258 Salve,
344 216 423 249 Jesu
448 215 627 258 Nazarene,
828 212 887 247 3b.
911 213 1013 246 Placa
1037 212 1163 250 patrem
1189 209 1379 250 majestatis,

214 264 261 297 Tu
288 274 348 306 pro
374 264 467 296 nobis
491 264 606 296 mortis
630 271 737 303 poena
910 260 956 293 Ut
980 260 1014 291 in
1039 267 1153 291 aevum
1184 266 1255 290 cum
1282 257 1387 289 beatis

260 312 406 346 Affectus
425 311 555 353 injuria,
957 307 1026 340 Nos
1053 308 1186 339 coronet
1211 305 1324 347 gloria.

201 400 284 427 Miss.
298 408 364 466 Nms.
384 399 559 427 Mellicense
580 394 645 425 991.
671 403 748 424 saec.
772 393 817 423 15.
845 409 885 414 —
912 393 977 422 Aus
997 394 1050 421 der
1069 393 1169 421 Messe
1190 392 1226 419 de
1247 393 1381 429 quinque
1406 391 1466 418 ml-

124 438 246 466 neribus
269 439 296 466 D
327 458 334 464 .

500 538 547 569 27.
588 538 625 570 In
645 537 736 569 Festo
760 535 864 568 sancti
884 533 1066 567 Salvatoris

451 606 572 644 quando
596 615 615 636 a
634 605 759 636 Judaeis
782 604 847 642 ejus
867 604 966 642 imago
988 611 1131 642 percussa

586 655 644 685 fuit
667 654 715 684 die
735 653 787 684 IX.
810 652 998 684 Novembris.

147 736 202 770 1.1.
229 736 311 776 Ave,
338 736 359 769 J
362 744 427 776 esu,
454 735 542 767 salus
566 744 649 776 mea,
844 732 905 767 lb.
932 733 993 772 Qui
1018 733 1123 765 livore
1149 731 1242 763 dirae
1267 731 1373 773 gentis

234 782 413 817 Crucifixus
439 792 459 815 a
483 782 611 816 Judaea
930 781 997 814 Diu
1024 781 1137 813 dolens
1162 779 1197 811 in
1222 779 1394 812 tormentis

279 832 391 866 Crucis
412 832 447 863 in
477 832 634 875 patibulo,
978 829 1119 862 Moreris
1144 836 1205 869 pro
1230 828 1362 869 populo.

149 890 206 921 2a.
234 889 279 922 Et
303 889 366 921 hoc
384 891 487 921 ‘totum
504 887 542 921 fit
567 898 627 930 pro
651 898 758 930 pomo,
845 886 906 922 2b.
930 887 982 920 Ne
1002 887 1128 927 periret
1154 889 1314 921 creatura,

230 938 320 976 Quod
370 938 591 978 praesumpsit
633 937 760 978 primus
928 936 980 968 Tu
1007 937 1135 967 creator
1159 934 1238 966 inde
1265 935 1348 967 dura

275 1033 377 1065 Manu
403 985 621 1074 temerai‘lizffilo
975 1031 1103 1065 Fateris
1129 1031 1302 1071 supplicia.

148 1091 206 1123 3a.
235 1091 300 1123 Pro
325 1099 377 1122 me
401 1093 487 1122 ‘totus
513 1090 709 1132 perforatus,
844 1089 904 1123 3b.
932 1090 1015 1123 Inde
1039 1089 1145 1121 latens
1169 1088 1255 1122 illud
1280 1098 1393 1121 aurum

230 1139 295 1172 Pro
321 1147 373 1170 me
400 1141 485 1170 totus
512 1142 674 1172 saturatus
928 1138 1013 1171 Mihi
1038 1136 1150 1169 fundis
1176 1137 1209 1168 in
1236 1137 1423 1170 thesaurum

280 1186 475 1228 opprobriis
502 1187 661 1228 omnibus,
977 1185 1132 1218 Manibus
1160 1188 1193 1217 et
1218 1185 1369 1225 pedibus.

145 1246 204 1280 4η,
233 1245 355 1277 Vertex
380 1244 476 1285 spina
503 1245 674 1286 cruciatus,
844 1243 904 1277 4b.
929 1244 1054 1277 Vulnus
1078 1243 1163 1275 illud
1192 1252 1288 1276 omne
1313 1246 1420 1284 sanat,

232 1292 330 1326 Clavo
356 1302 480 1333 mamm,
505 1294 618 1335 pedes,
644 1294 730 1326 latus
928 1292 1027 1326 Unde
1050 1291 1145 1324 nobis
1168 1291 1258 1324 unda
1279 1295 1390 1325 manat

279 1341 431 1381 Cuspidis
457 1341 588 1382 acule03
978 1340 1120 1381 Liquore
1145 1341 1333 1381 sanguineo.

145 1400 204 1433 521.
233 1399 257 1431 O
285 1408 380 1439 quam
406 1397 485 1431 felix
511 1402 676 1440 apertura,
844 1397 903 1432 5b.
926 1398 1094 1431 Pretiosus
1119 1398 1183 1429 iste
1208 1399 1351 1442 sanguis,

231 1449 319 1486 (Quae
338 1456 399 1488 per
416 1456 530 1480 aevum
547 1457 760 1489 permansura
926 1448 992 1480 Per
1008 1455 1102 1487 quem
1119 1446 1224 1478 vicens
1242 1446 1332 1479 ferus
1348 1447 1462 1488 anguis

278 1495 392 1537 Regna
415 1495 509 1528 nobis
535 1497 651 1538 aperit,
976 1494 1018 1527 Se
1043 1493 1212 1527 confusum
1236 1496 1370 1536 reperit.

145 1554 203 1589 Ga.
232 1554 287 1587 Sic
310 1556 344 1585 te
369 1563 499 1594 passum
522 1562 620 1587 carne
634 1554 757 1595 Jesum,
845 1553 904 1587 6b.
928 1553 980 1586 Ne
1004 1553 1136 1594 puniret
1162 1551 1301 1586 flammis
1327 1555 1408 1586 atris

234 1602 430 1643 Cruciatum,
456 1602 610 1644 vinctum,
632 1611 760 1635 caesum
927 1602 1110 1642 Exspirans
1136 1602 1170 1633 iu
1195 1611 1310 1635 manus
1335 1603 1440 1644 patris

275 1651 384 1691 Atque
409 1650 514 1691 plagis
539 1651 685 1691 lividum,
977 1650 1041 1683 Pro
1067 1659 1119 1682 me
1143 1650 1248 1684 tradis
1275 1651 1436 1692 spiritum.

144 1709 202 1742 721.
230 1708 281 1741 De
306 1711 340 1740 te
365 1709 483 1741 clamat
509 1708 683 1742 Jeremias:
845 1710 863 1742 7
872 1708 903 1743 b.
929 1708 964 1742 Si
990 1709 1033 1740 sit
1059 1708 1153 1741 dolor
1176 1708 1253 1742 huic
1279 1710 1396 1750 dolori,

228 1757 253 1790 Ο
280 1766 338 1790 vos
365 1766 484 1796 omnes.
513 1758 568 1798 qui
593 1767 653 1799 per
678 1758 747 1791 vias
928 1758 996 1798 Quo
1024 1757 1202 1798 compellor
1225 1758 1277 1791 ita.
1299 1759 1391 1800 mori,

276 1806 449 1846 Transitis,
477 1807 649 1848 attendite,
977 1806 1110 1847 Similis,
1138 1806 1310 1846 adspicite.

141 1863 199 1898 8a.
228 1864 407 1897 Circumire
430 1873 563 1905 possum
589 1865 710 1906 polum,
845 1863 903 1899 8b.
925 1864 1000 1897 Nisi
1025 1865 1129 1897 solum
1156 1866 1261 1898 crucis
1288 1875 1355 1907 ara,

226 1913 322 1945 Mare
347 1922 497 1954 magnum
523 1917 621 1954 atque
644 1914 758 1954 solum,
928 1914 968 1946 In
995 1923 1059 1954 qua
1082 1913 1153 1954 pati
1175 1917 1226 1946 tot
1251 1924 1363 1947 amara

277 1961 445 2002 'Nusquam
470 1964 504 1993 te
529 1962 669 2005 reperio,
981 1961 1078 1994 Fecit
1097 1964 1131 1994 te
1157 1964 1349 2004 compassiO.

142 2018 198 2052 921.
226 2019 279 2051 ibi
303 2019 422 2060 pascis,
451 2028 527 2051 care
551 2029 654 2061 meus,
844 2018 904 2052 9b.
929 2019 1169 2063 Exprobratus‚
1197 2022 1424 2063 subsannatus,

226 2068 278 2100 ibi
305 2068 437 2108 dormis,
466 2068 551 2100 alme
574 2068 674 2112 Deus,
928 2067 1031 2100 Totus
1056 2068 1211 2101 membris
1239 2074 1427 2103 cruentatus

278 2115 407 2149 Cubans
433 2120 468 2148 in
492 2117 640 2156 meridie,
1003 2115 1099 2149 Filiis
1125 2116 1295 2157 perfidiae.

122 2172 204 2205 lOa.
232 2174 319 2206 Nam
343 2183 403 2214 pro
429 2181 482 2205 me
506 2175 542 2205 ‘tu
566 2172 743 2214 flagellaris
821 2171 904 2205 10b.
929 2174 1047 2207 Funde
1072 2173 1196 2208 fontem
1221 2176 1441 2218 lacrimarum,

227 2222 274 2254 En
297 2222 331 2254 in
359 2230 454 2254 cruce
478 2221 661 2254 lacrimaris
928 2222 1008 2264 Fac,
1032 2226 1067 2255 u't
1093 2233 1154 2264 pro
1180 2228 1215 2257 te
1240 2227 1285 2258 sit
1309 2236 1457 2260 amarum

277 2270 342 2303 Sed
369 2269 457 2302 felici
482 2270 636 2310 iacrima3
980 2271 1043 2305 Cor
1068 2273 1174 2305 tristis
1201 2276 1234 2306 et
1260 2276 1378 2310 anima.

119 2326 200 2361 lla.
229 2327 326 2359 Absit
350 2328 430 2359 mihi
454 2328 589 2368 gloriari
821 2327 908 2363 1110.
929 2330 1021 2362 Pelle
1046 2330 1206 2372 morbum,
1235 2332 1278 2365 da
1302 2335 1453 2375 salutem,

226 2375 299 2407 Nisi
326 2384 422 2408 cruce
446 2376 614 2418 singulari,
928 2377 1022 2418 Fuga
1047 2379 1181 2419 crimen,
1209 2378 1253 2414 da
1278 2382 1443 2425 virtutem,

276 2423 343 2457 Ubi
367 2433 446 2456 vera
471 2425 607 2464 gaudia3
975 2427 1037 2459 Pia
1063 2427 1168 2459 crucis
1193 2427 1311 2464 hostia.
