1652 2678
702 88 939 123 „47ss

150 184 208 219 3a.
236 184 284 217 Et
308 193 368 218 nos
393 186 483 218 idem
507 185 675 228 faciamus,
852 187 912 223 3b,
934 187 1128 220 Incedamus
1153 187 1217 220 iter
1242 188 1396 228 amplum,

235 233 291 267 Sic
317 232 452 267 confusa
478 234 675 276 deseramus,
936 235 1032 268 Hanc
1056 244 1228 276 sequamur
1245 235 1289 268 ad
1308 236 1495 276 exemplum

233 281 281 315 Ut
305 281 349 315 ad
372 291 488 323 pacem
511 284 678 317 veniamus
935 284 983 317 Ut
1004 283 1165 325 possimus
1191 292 1263 317 esse
1286 285 1444 326 ‘templum

282 330 376 363 Duce
401 330 543 366 Christo.
984 332 1047 365 Dei
1073 332 1148 365 vivi.

145 387 205 421 4a.
233 388 441 421 Hierusalem
467 387 648 423 Salomonis
851 390 912 424 4b.
937 390 1012 423 Non
1028 391 1077 423 est
1093 392 1239 423 nostrum
1257 390 1498 432 objurgare·—

231 435 278 469 E‘o
303 435 430 477 Sibylla
456 436 636 478 Babylonis
937 438 1078 471 Plaudat
1088 439 1224 481 coelum,
1234 441 1334 480 terra,
1342 447 1496 471 maret—

244 485 366 518 Adhuc
390 486 457 519 suis
485 489 612 518 certant
638 486 741 527 donis⁷
934 487 982 519 At
1004 496 1063 520 nos
1090 487 1135 519 eis
1162 487 1366 527 congaudere

282 533 374 574 Quod
400 535 444 567 sit
468 535 583 574 majus,
983 535 1023 567 In
1048 537 1225 569 aeternum.

230 609 320 638 Grad.
349 619 403 638 ms.
423 610 655 638 Marchiancnse
682 618 759 638 saec.
788 608 834 638 14.
857 611 927 639 Cod.
947 611 1098 639 Duacens.
1126 609 1191 639 114.
1212 611 1247 639 A.
1268 627 1306 631 —-
1325 612 1412 639 Miss.
1436 620 1499 640 ms-

147 647 363 676 Cameracense
388 657 465 676 saec.
495 646 539 676 14.
563 648 633 676 Cod·
656 647 860 677 Cameracens.
893 646 957 677 123.
978 649 1012 677 B.
1057 666 1065 670 -
1090 649 1161 677 Mis.
1187 658 1240 678 ms.
1261 650 1496 679 Marchianense

145 694 223 714 saec.
251 685 295 715 16.
312 686 383 714 Cod.
397 687 548 715 Duacens.
563 684 609 715 89.
627 686 658 714 C.
675 702 710 706 —
727 688 813 716 Miss.
828 687 1046 717 Suessionense
1065 691 1136 724 imp.
1150 689 1278 717 Parisiis
1301 687 1386 717 1516.
1400 690 1438 717 D.
1453 705 1491 709 —

146 723 198 758 1b,
221 722 239 753 3
260 727 398 753 erwartet
417 734 487 754 man
509 725 656 753 admirata
677 728 734 762 θείη
756 725 804 754 die
825 727 914 763 obige
926 726 1149 755 Konstruktion
1169 729 1211 756 ist}
1222 727 1490 756 indesimMi‘ttel-

145 763 351 792 lateinischen
370 764 456 792 nicht
475 764 646 793 vereinzelt.
668 779 706 783 —
726 763 779 800 410,
801 761 820 792 3
838 764 883 793 Et
901 773 956 792 nos
979 766 1022 793 eis
1042 765 1103 794 AC.

545 877 595 909 58.
635 876 672 908 In
692 875 901 910 Dedicatione
920 876 1084 909 Ecclesiae

705 945 938 976 Cameracensis.

148 1024 204 1058 ia.
235 1023 337 1057 Grato
364 1024 465 1065 solve,
491 1025 586 1065 plebs
611 1023 730 1068 fidelis,
848 1025 908 1060 lb.
928 1026 1056 1058 Aedem
1080 1035 1208 1059 sacram
1234 1027 1380 1060 contueri

280 1074 375 1114 Vota,
401 1081 508 1116 voces,
537 1074 680 1106 carmina
980 1073 1135 1116 Benignis
1162 1075 1326 1116 auspiciis,

229 1121 268 1153 In
294 1121 357 1153 hac
383 1121 446 1163 die,
474 1130 547 1153 cum
574 1122 616 1154 de
642 1122 739 1154 caelis
931 1121 1032 1161 Quam
1057 1123 1191 1156 laetaris
1219 1123 1384 1157 confoveri

278 1170 377 1203 Clara
402 1178 516 1210 speras
543 1169 672 1211 agmina
977 1170 1129 1211 Mysticis
1156 1171 1270 1205 initiis.

142 1229 204 1261 22..
232 1227 323 1268 Pete,
349 1227 460 1270 lauda,
489 1227 718 1271 contemplare,
846 1228 904 1260 2b.
930 1227 1050 1260 Cernes
1074 1228 1154 1272 illic,
1182 1238 1277 1270 quam
1302 1231 1453 1263 miranda

275 1273 368 1308 Infer
392 1278 426 1307 te
452 1275 656 1319 coelestibus,
978 1276 1104 1310 Civium
1128 1281 1178 1310 est
1201 1278 1320 1319 unitas,

224 1323 349 1357 Urbem
375 1327 522 1356 sanctam
548 1326 741 1366 contestare,
926 1325 1040 1367 Amor,
1065 1325 1166 1367 quies,
1191 1335 1257 1367 pax
1282 1326 1435 1370 optanda,

272 1371 390 1413 Dignis
417 1373 539 1406 claram
566 1372 700 1407 civibus.
974 1373 1072 1406 Felix
1099 1377 1149 1406 est
1172 1374 1325 1408 suavitas.

139 1432 201 1465 3a.
231 1430 299 1470 Quo
325 1431 460 1471 superni
486 1439 608 1471 sponsa
632 1431 718 1472 regis
844 1431 904 1465 3b.
927 1431 1033 1464 Abest
1057 1440 1196 1476 moeror,
1223 1434 1339 1474 procul
1366 1432 1469 1478 dolor,

275 1479 354 1512 Sion
380 1487 499 1520 sponso
526 1477 647 1512 fruitur
975 1480 1076 1513 Nulla
1101 1484 1177 1513 sunt
1202 1480 1348 1521 dissidia,

225 1527 271 1561 Et
295 1528 424 1561 arcanis
450 1536 528 1560 suae
551 1528 634 1570 legis
927 1528 1113 1562 Incolarum
1137 1539 1220 1562 unus
1247 1530 1344 1569 color,

273 1575 401 1617 Jugiter
426 1575 593 1612 imbuitur.
976 1578 1134 1611 Votorum
1161 1578 1347 1611 concordia.

139 1637 197 1670 4a.
224 1635 332 1676 Hujus
360 1644 483 1668 memor
510 1635 651 1669 civitatis
841 1635 903 1669 4b.
928 1635 977 1667 Te
998 1635 1129 1676 juvabit
1152 1635 1319 1669 Sunani‘cis

274 1683 445 1724 Templum
469 1683 531 1717 hoc
554 1684 729 1726 ingredere
976 1684 1067 1718 Coeli
1092 1693 1202 1726 regem
1228 1683 1398 1725 proferens

221 1731 268 1765 Et
291 1730 440 1773 profanis
466 1731 628 1766 abdicatis
926 1731 972 1764 Et
997 1733 1173 1776 Johannes‚
1199 1741 1321 1774 praeco
1347 1733 1446 1775 mitis,

273 1780 371 1812 Vitae
397 1781 512 1813 callem
536 1789 681 1822 sequere.
976 1780 1140 1814 Christum
1166 1782 1229 1814 sibi
1254 1780 1457 1822 praeferens.

140 1841 199 1873 5a.
227 1838 350 1880 Quibus
374 1838 483 1871 dicata
507 1838 656 1878 patronis
843 1839 903 1873 5b.
926 1837 1057 1872 Summe
1080 1838 1181 1880 Deus,
1208 1839 1278 1880 poli
1302 1843 1421 1881 rector,

273 1887 398 1920 Domus
422 1887 488 1920 ista
509 1886 640 1929 jubilat,
962 1887 1143 1928 Templum,
1170 1887 1298 1928 plebem
1325 1888 1464 1931 respice,

224 1936 341 1977 Corde,
365 1935 502 1977 psalmis
528 1935 592 1968 rite
616 1935 710 1969 bonis
924 1935 1002 1969 Pius
1027 1936 1121 1969 nobis
1147 1937 1192 1969 sis
1217 1939 1394 1981 protector,

271 1985 379 2018 Melos
407 1985 503 2018 dulce
526 1987 693 2026 personat.
973 1984 1013 2017 In
1040 1985 1139 2018 coelis
1164 1994 1223 2018 nos
1249 1984 1356 2018 refice.

214 2062 300 2090 Miss.
322 2070 376 2090 ms.
398 2061 614 2090 Cameracense
634 2069 710 2089 saec.
735 2060 779 2090 15.
802 2061 873 2090 Cod.
897 2062 1101 2090 Cameracens.
1127 2060 1190 2090 179.

542 2175 590 2206 59.
631 2173 668 2206 In
687 2174 894 2208 Dedicatione
914 2174 1081 2208 Ecclesiae

694 2234 929 2266 Suessionensis.

136 2307 192 2343 la.
221 2303 347 2342 Juncta
371 2307 480 2338 mente
507 2305 640 2339 vocibus
839 2306 899 2340 1b.
923 2302 1036 2340 Omnis
1064 2308 1174 2339 coetus
1200 2307 1352 2341 cordibus

222 2355 347 2390 Chorus
372 2355 437 2387 iste
463 2354 612 2387 cantibus
920 2354 1084 2389 Lustratis
1112 2355 1298 2389 criminibus

266 2404 439 2439 Persolvat
462 2403 686 2447 praeconium,
971 2404 1076 2437 Dulce
1100 2409 1231 2446 promat
1255 2407 1419 2447 gaudium.
