1652 2678
660 81 898 119 μω,-

124 181 181 215 Za.
207 179 257 212 Tu
283 188 481 220 gemmarum
505 191 631 223 gemma
655 191 750 223 pura,

209 228 259 261 Tu
283 226 344 261 flos
369 227 497 271 florum,
522 233 560 264 tu
583 229 690 271 figura

257 276 400 310 Deitatis
425 279 575 319 mystica,

125 336 182 369 Sa.
210 335 261 367 Tu
277 335 419 369 ‘lucerna
442 337 557 369 mundi
580 337 704 378 lucens,

208 382 367 416 Umbram
393 383 507 417 mortis
537 388 573 417 tu
598 385 767 427 seducens,

258 432 415 466 Reddens
438 433 548 466 lumen
571 433 740 476 luminum,

125 491 183 524 4a.
209 489 310 531 Ergo,
334 492 450 532 mater,
477 493 570 524 tanta
594 492 692 524 laude

207 537 404 571 Meritorum
430 539 538 582 digna,
567 540 673 582 gaude

260 585 389 620 Gaudio
414 587 569 629 laetitiae,

126 646 183 678 5a.
211 643 445 686 Naufragantis
470 644 584 678 mundi
613 645 718 688 stella,

210 693 271 726 Pia
295 692 385 732 pium
410 692 596 735 interpella,

258 739 307 774 Ut
331 741 373 773 sit
397 750 520 773 memor
544 741 694 783 hominis,

124 803 183 833 6a.
214 798 406 832 Vacillando
432 798 520 840 perit
543 799 694 839 mundus,

210 848 312 886 Quem
337 846 492 880 seductor
516 847 749 881 tremebundus

259 895 426 928 Irretitum
448 896 587 937 jugulat,

126 954 182 987 7a.
209 952 302 986 Haec
326 954 462 986 miserta
484 954 570 995 vide,
597 963 681 994 pura

209 1001 334 1034 Christi
358 1004 473 1043 mater,
501 1005 535 1033 et
557 1011 710 1043 procura,

259 1048 311 1082 Ne
336 1050 516 1090 praedatur
540 1051 661 1083 misera

124 1108 183 1141 8a.
210 1107 275 1139 Per
306 1109 340 1139 te
364 1110 589 1141 sacrosanctus
615 1107 745 1149 sanguis

209 1155 324 1196 Lavet‚
352 1156 439 1197 quod
454 1156 638 1188 immundus
657 1156 769 1197 anguis

257 1202 440 1236 Maculavit
462 1207 597 1244 zemate,

126 1263 183 1295 9a.
212 1261 237 1294 Ο
263 1262 382 1303 Maria,
409 1264 485 1294 tuae
509 1261 600 1295 laudi

211 1309 433 1342 Decantantes
456 1318 516 1343 nos
542 1310 660 1343 exaudi

260 1358 495 1391 commendans
525 1359 710 1398 memoriae,

830 181 889 216 ab.
914 182 1082 217 Castitatis
1108 191 1142 216 es
1169 183 1362 223 exemplum,

912 230 1052 264 Deitatis
1077 239 1155 264 vere
1178 231 1347 273 templum,

965 278 1068 312 Cedat
1090 289 1144 312 ars
1171 279 1358 321 sophistica.

830 337 891 372 ab.
913 337 964 369 Tu
986 338 1100 378 regina
1123 346 1347 380 supernorum,

911 384 1109 427 Imperatrix
1133 384 1321 430 inferorum,

962 433 1077 475 Gignis
1100 443 1220 467 numen
1242 435 1422 467 numinum.

828 491 889 525 4b.
911 491 1075 524 Desolatis
1101 491 1277 533 propinare

914 540 1128 574 Consolamen
1152 544 1189 573 tu
1216 540 1351 582 dignare

961 587 1040 621 Post
1064 588 1187 621 luctum
1212 588 1375 622 tristitiae.

830 646 889 678 512.
914 645 1015 685 Quem
1042 647 1083 679 de
1105 646 1184 678 limo
1210 649 1318 680 terrae
1343 646 1422 679 fecit

911 693 957 726 Et
980 694 1015 726 in
1040 695 1134 734 lapsu
1158 695 1191 727 vi
1217 693 1334 727 refecit

960 741 1017 774 Sui
1039 743 1144 775 sancti
1168 743 1317 777 nominis.

829 800 887 834 6b.
910 799 956 832 Et
980 800 1138 832 seducens
1164 799 1401 844 fraudulenter,

911 847 1041 881 Docens
1066 847 1177 881 irritat
1199 849 1347 893 licenter,

960 897 1085 930 Poenas
1109 896 1224 937 poenis
1251 899 1404 930 cumulat.

831 954 889 987 7b.
912 954 975 986 Tui
997 954 1066 986 nati
1090 954 1301 995 plasmatura,

912 1002 958 1034 Et
982 1002 1084 1034 leonis
1111 1011 1146 1034 os
1170 1002 1287 1035 obtura

960 1049 1139 1091 Mergentis
1165 1050 1199 1083 in
1222 1049 1338 1083 infera.

829 1107 889 1140 8b.
914 1107 997 1141 Caro
1022 1108 1158 1140 mundet
1183 1111 1216 1140 et
1239 1109 1415 1141 mundatos

913 1155 985 1188 Duc
1008 1165 1067 1189 nos
1091 1156 1179 1189 inter
1203 1156 1414 1197 approbatos,

962 1204 1032 1237 Tuo
1057 1204 1130 1244 riga
1155 1203 1314 1245 dogmate.

830 1262 888 1295 9b.
916 1261 985 1294 Nos
1010 1271 1031 1294 a
1056 1262 1160 1302 culpis
1187 1262 1330 1302 expiare„

911 1310 1071 1351 Expiatcs
1095 1318 1246 1342 recreare

962 1358 1028 1398 Spe
1052 1358 1205 1399 perennis
1231 1358 1364 1399 gloriae.

203 1444 290 1472 Cant.
311 1453 366 1473 ms.
387 1444 570 1480 Temuinum
598 1453 669 1473 ‚aem
693 1443 737 1473 15.
760 1446 841 1482 Cgm.
865 1445 1037 1474 Monacens.
1060 1442 1125 1473 716.

577 1596 631 1629 112.
672 1597 717 1629 De
736 1597 836 1629 beata
855 1596 959 1629 Maria
981 1596 1016 1627 V.

127 1677 185 1711 la.
215 1673 323 1718 Salve,
349 1680 453 1710 mater
478 1688 496 1711 o
523 1687 649 1721 serena,

215 1725 278 1758 Via
301 1734 438 1767 morum,
467 1727 553 1759 vitae
578 1735 662 1760 vena

264 1773 419 1815 Cellaque
446 1775 583 1808 vinaria.

130 1835 188 1866 2a.
216 1829 307 1866 Lava
332 1832 468 1865 maculis
495 1832 634 1866 obscena

213 1880 258 1913 Et
281 1881 406 1914 nudata
430 1883 504 1923 tege
528 1882 604 1914 lena

263 1929 355 1963 Dans
377 1929 534 1963 virtutum
555 1930 667 1971 pallia,

130 1990 187 2023 aa.
215 1984 262 2022 Et
288 1991 422 2021 cruenta
443 1998 502 2022 nos
528 1989 636 2030 hyena

215 2036 398 2070 Lacercare
424 2046 495 2070 eum
521 2038 636 2071 leaena

264 2085 415 2119 Festinat
439 2087 576 2120 insania.

130 2147 189 2179 4a.
217 2141 271 2179 Ex
297 2147 330 2177 te
354 2154 439 2185 pura
461 2155 525 2178 non
553 2155 671 2179 carena

217 2194 303 2227 Vina
327 2191 495 2234 profluunt
518 2194 635 2237 lagena

264 2243 352 2276 Reos
378 2241 605 2284 confortantia,

132 2305 189 2337 5a.
217 2299 259 2336 In
281 2304 316 2334 te
342 2300 452 2334 deficit
480 2310 633 2334 camoena

214 2351 256 2383 Vi
284 2350 406 2384 doloris
431 2350 629 2394 philomena,

265 2400 352 2433 Dum
378 2401 414 2433 in
442 2408 537 2433 cruce
561 2400 699 2441 propria

834 1679 893 1712 1b.
916 1675 999 1718 Ave,
1025 1687 1120 1711 sacra
1146 1678 1268 1713 Christi
1295 1687 1406 1717 coena⁷

918 1727 1029 1760 Imbre
1053 1727 1231 1768 gratiarum
1257 1726 1364 1767 plena,

966 1774 1082 1808 Cordis
1107 1775 1217 1816 rigans
1243 1775 1337 1810 atria.

834 1833 894 1867 ab.
917 1829 1020 1865 Volat
1042 1832 1130 1866 inter
1154 1841 1214 1865 nos
1240 1832 1366 1874 Sirena,

919 1880 985 1914 Sua
1008 1879 1242 1915 transfundens
1269 1890 1391 1914 venena

967 1929 1109 1970 Serpens
1135 1939 1175 1962 ex
1198 1929 1332 1963 invidia.

834 1988 894 2022 312.
918 1985 1037 2022 Restat
1059 1989 1127 2029 jam
1153 1996 1296 2029 necesse,
1322 1987 1416 2021 frena

919 2036 966 2070 Ut
990 2036 1149 2080 imponas,
1177 2039 1211 2069 et
1235 2036 1357 2070 effrena

967 2085 1047 2119 Mox
1072 2086 1199 2126 sopitur
1224 2084 1320 2119 furia.

835 2145 896 2179 4b.
921 2141 1060 2179 Gestans
1086 2153 1186 2177 aurea
1209 2147 1330 2184 patena

918 2192 1093 2233 Christum,
1119 2202 1162 2225 ne
1185 2192 1231 2225 sis
1256 2193 1365 2227 aliena

969 2241 1072 2275 Nobis
1097 2241 1132 2274 in
1158 2243 1315 2283 angustia.

838 2302 898 2336 δί).
921 2298 1034 2336 Nostri
1057 2300 1162 2342 pallet
1184 2301 1271 2342 regis
1297 2310 1389 2342 gena⁷

920 2349 1023 2383 Nulla
1045 2349 1136 2391 cujus
1161 2358 1359 2391 pergamena

971 2397 1115 2440 Capiunt
1133 2398 1283 2440 insignia.
