1652 2678
171 151 230 184 Va.

179 461 234 494 821.

176 1182 232 1216 la.

175 1348 232 1380 2a.

178 1513 234 1546 3a.

177 1679 236 1711 4a.

179 1845 235 1876 5a.

180 2105 239 2138 δὴ.

179 2269 235 2303 72.

718 49 957 84 -72-

257 150 359 183 Plena
384 148 478 187 favis,
869 146 929 180 7b.
954 145 1051 178 Coelo
1078 144 1175 183 clara,

257 198 348 232 Dans
374 207 465 240 spem
491 198 612 238 pravis,
951 192 1063 225 Terris
1090 199 1176 231 cara,

257 247 347 281 Coeli
374 247 484 287 clavis,
952 240 1058 282 Regni
1083 239 1183 278 scala,

255 295 350 329 Vitae
378 296 480 338 navis,
955 289 1086 323 Pellens
1111 288 1207 327 mala,

304 343 411 385 Hujus
435 343 549 376 mundi
572 340 745 383 naufragia
1001 337 1052 369 Tu
1075 334 1146 376 flos,
1172 339 1209 368 tu
1233 344 1297 375 ros,
1324 337 1359 367 tu
1385 334 1491 373 venia,

306 393 544 426 pertransimus
570 393 603 422 te
627 388 770 431 praevia.
1002 382 1507 426 ofonS‚os‚p0ns‚mons‚gratia.

262 459 360 493 Panis
386 459 469 492 cella
871 452 930 488 8b.
951 452 976 486 Ο
1007 451 1179 493 praedicta

255 507 412 541 Fundens
436 506 545 546 mella,
953 500 1144 540 Benedicta,

257 555 360 588 Maris
386 555 482 587 stella
956 549 1128 591 Templum
1152 547 1225 588 Dei,

257 603 379 636 Sedans
401 602 498 642 bella,
952 598 1073 639 Pignus
1099 597 1180 640 spei,

304 651 422 684 Plenus
448 651 572 692 hortus,
1002 647 1072 680 Fae
1101 654 1161 679 nos
1187 653 1286 686 puros

305 699 425 732 Laetus
452 701 576 740 portus,
1005 698 1056 728 Ac
1081 702 1212 727 securos

352 747 421 780 Nos
448 747 517 780 Deo
544 746 690 781 concilia.
1053 743 1119 775 Per
1144 743 1243 784 laeta,
1271 749 1331 782 per
1352 740 1471 773 tristia.

604 817 635 849 9.
662 815 710 847 Te
734 813 910 854 mediante,
935 812 1002 853 pia,

665 862 770 895 Simus
796 864 832 895 ut
855 862 890 894 iu
915 861 1033 905 patria,

664 911 731 944 Ubi
756 910 900 952 gaudent
925 909 1041 942 omnia.

253 987 324 1016 Cod.
346 988 551 1016 xxm-elianam.
572 986 621 1023 (ol.
642 984 838 1022 Floriaeens.)
855 984 923 1016 201.
944 993 1022 1015 saec.
1043 983 1080 1014 12
1102 988 1130 1014 et
1153 983 1199 1014 13.
1222 984 1288 1012 add.
1310 991 1387 1012 saee-
1409 981 1455 1011 13.

587 1100 634 1132 85.
676 1099 711 1131 In
732 1098 983 1132 Annuntiatione
1004 1098 1093 1131 Bm.

261 1180 367 1222 Salve,
393 1181 551 1222 templum
575 1182 762 1221 maternale,
873 1180 934 1215 lb.
954 1181 1028 1215 Hoc
1052 1181 1202 1221 gestavit,
1230 1180 1291 1213 hoc
1318 1178 1482 1220 tractavit,

260 1229 299 1262 In
325 1230 411 1270 quod
434 1228 571 1263 verbum
594 1229 766 1270 paternale
955 1228 1030 1262 Hoc
1052 1228 1158 1262 induit
1184 1231 1263 1261 nata
1285 1227 1397 1261 David

307 1277 404 1310 Venit
431 1278 471 1310 (le
498 1278 701 1319 coelestibus,
1004 1277 1167 1319 Virgineis
1193 1276 1384 1310 visceribus.

262 1345 348 1379 Coeli
374 1351 477 1386 majus
502 1346 661 1379 luminare
874 1346 932 1380 21).
958 1347 1057 1381 Sacro
1082 1347 1161 1378 flatu
1187 1348 1344 1387 operante

260 1395 405 1427 Venerat
427 1395 611 1428 illuminare
957 1394 1058 1436 Virgo
1083 1393 1159 1427 ‘tulit
1183 1397 1257 1435 post
1285 1396 1318 1427 et
1342 1397 1417 1427 ante

307 1444 484 1476 Terrenam
511 1444 690 1484 caliginem,
1006 1443 1128 1476 Salutis
1154 1442 1320 1485 originem.

264 1511 359 1544 Coelo
384 1511 482 1544 latior
505 1512 625 1545 virtute
875 1511 934 1546 3b.
957 1511 1107 1545 Paratior
1131 1510 1284 1552 largitate

259 1559 323 1592 Dei
348 1560 542 1601 germinavit
565 1563 634 1593 tute
959 1560 1127 1594 Donorum
1151 1561 1312 1593 varietate

309 1608 407 1651 Virgo
433 1618 525 1642 suum
550 1608 663 1649 filium,
1009 1608 1141 1642 Cunctis
1168 1607 1233 1641 fert
1258 1608 1425 1643 auxilium.

263 1678 356 1710 Adiit
383 1686 423 1710 ex
447 1687 528 1719 gyro
554 1678 641 1710 sedis
876 1676 936 1711 4b.
960 1679 999 1711 In
1024 1676 1131 1718 sigillo
1157 1676 1314 1710 trinitatis

262 1726 406 1759 Mentem
431 1726 613 1767 puellarum
640 1727 730 1759 aedis
959 1725 1089 1760 Mariae
1113 1725 1311 1767 virginitatis

309 1775 481 1809 coelorum
506 1784 602 1808 verus
628 1776 754 1815 haeres,
1008 1774 1180 1815 Impressit
1206 1774 1423 1808 characterem

263 1843 384 1876 Aurem
409 1844 519 1885 pulsat
543 1844 677 1885 virginis
877 1842 936 1877 5b.
958 1842 1074 1884 Regali
1099 1843 1222 1884 palatio

262 1893 425 1925 Arcanum
453 1893 585 1933 originis
960 1891 1068 1925 Verae
1092 1891 1172 1934 legis
1201 1892 1280 1925 latio

262 1939 412 1981 Divinae,
437 1942 638 1983 mysterium,
960 1940 1065 1973 Fudit.
1087 1940 1210 1974 undam
1235 1940 1370 1981 gratiae*

263 1987 354 2028 Quod
380 1998 440 2029 per
463 1990 679 2022 ministerium
959 1990 1026 2022 Per
1053 1998 1149 2031 quam
1173 1988 1312 2030 pulchra
1338 1988 1422 2023 facie

310 2037 452 2078 Dignum
474 2039 642 2072 revelavit.
1014 2037 1084 2071 Nos
1108 2047 1129 2070 a
1155 2037 1284 2071 delictis
1309 2037 1402 2071 lavit.

265 2104 362 2138 Virus
388 2104 514 2147 fugavit
537 2106 645 2147 letale,
878 2106 939 2141 eb.
961 2106 1124 2146 Quantum
1149 2108 1261 2147 stupet,
1286 2110 1319 2139 et
1342 2108 1482 2141 miratur

264 2152 398 2192 Quando
423 2163 540 2195 corpus
566 2154 723 2195 virginale
962 2154 1081 2194 Maria,
1110 2155 1185 2187 dum
1210 2160 1410 2198 pergyratur

314 2201 425 2235 Virtus
451 2201 535 2236 fovit
553 2202 641 2244 fidei,
1010 2203 1141 2237 Annulo
1166 2203 1233 2236 vivi
1258 2204 1332 2237 Dei.

262 2270 324 2310 Qui
347 2273 464 2303 natura
488 2271 616 2312 gemina
880 2271 941 2305 7b.
965 2271 1031 2315 Sic,
1055 2271 1131 2304 Eva
1155 2280 1250 2312 quam
1276 2272 1422 2315 abstulit,

263 2318 300 2351 In
330 2318 433 2358 puella
463 2322 576 2352 tenera
965 2321 1034 2353 Ista
1060 2320 1157 2352 vitam
1185 2320 1296 2352 attulit

312 2366 459 2399 Dulciter
485 2368 616 2408 quievit.
1014 2370 1219 2408 Mortemque
1246 2368 1377 2402 delevit.
