1652 2678
683 102 948 138 -304-

177 203 234 235 2a.
261 201 327 234 Hic
350 202 483 242 praesul
507 201 629 241 absque
654 199 751 233 dubio
873 199 932 233 2b.
961 199 1058 239 Cujus
1081 198 1122 230 ab
1146 197 1229 229 urbe
1254 197 1403 229 Romana

259 247 338 281 Cum
363 253 474 281 sancto
499 249 656 289 Dionysio
955 246 1068 287 Usque
1093 246 1238 279 Parisius
1262 245 1363 286 plana

307 296 387 329 Fuit
412 297 517 338 deque
540 295 675 336 familia,
1008 295 1144 328 Secutus
1171 296 1222 325 est
1245 293 1390 334 vestigia.

173 357 234 389 32.
261 354 358 386 Hunc
381 354 486 395 primo
513 352 764 386 Carnotensibus
874 351 934 387 3b.
958 351 1080 391 Quibus
1104 351 1212 392 ipsum
1239 350 1408 383 constituit

257 402 351 434 Misit
377 405 410 433 et
433 404 509 442 post
530 400 756 433 Meldensibus
956 401 1139 441 Pastorem,
1167 402 1266 440 prout
1289 399 1394 432 voluit

306 449 504 482 Praedicare
527 448 690 488 salub1ia;
1004 448 1126 481 Divina
1151 447 1368 489 providentia.

175 510 233 541 4a.
262 507 405 546 Cumque
411 514 473 546 per
481 505 788 545 sanctumspiritum
870 505 931 540 4b.
953 506 999 539 Et
1023 505 1104 539 fines
1130 506 1330 539 Parisiorum

258 553 357 586 Suum
382 553 519 585 sentiret
543 553 664 585 exitum
959 554 1096 588 Suorum
1121 557 1367 595 persecutorum

307 600 485 642 Sciretque,
512 602 599 641 quod
626 600 766 634 confinia
1005 601 1247 644 Propinquaret
1271 602 1476 643 praesentia:

176 660 234 693 53..
261 658 438 699 Dionysius
465 658 653 691 Sanctinum
873 660 931 694 5b.
954 660 1002 694 Ut
1026 661 1163 694 solerter
1187 661 1395 694 intenderent

258 705 396 739 Vocavit
418 709 451 738 et
473 707 674 739 Antoninum
954 708 1000 742 Et
1023 710 1198 742 memoriae
1222 709 1392 742 traderent

305 755 514 795 Praecipiens
539 763 619 788 voce
642 756 708 799 pia,
1003 758 1167 792 Universa
1190 757 1359 798 martyria,

174 815 232 847 6a.
261 812 349 852 Quae
372 822 433 854 pro
460 812 588 846 Christo
612 816 780 855 pateretur
871 814 930 850 6b.
953 815 1082 848 Deinde
1106 815 1242 848 Romam
1266 816 1442 856 pergerent

257 860 303 894 Et
327 870 391 902 qua
414 863 519 894 morte
542 865 723 895 moreretur
954 863 1000 897 Et
1023 872 1129 904 papae
1155 865 1271 896 cuncta
1295 863 1452 903 dicerent,

306 909 396 941 Inter
420 909 494 950 ipsa
518 911 688 951 supplicia.
1002 911 1092 951 Quae
1117 921 1204 952 papa
1229 920 1289 943 sua
1311 912 1419 951 gratia

174 969 231 1001 7a.
259 966 347 999 Nota
372 965 496 999 faceret
521 967 646 1000 civibus
871 968 930 1002 7b.
953 969 1014 1010 Qui
1038 969 1144 1009 patris
1164 969 1256 1009 jussa
1273 968 1485 1008 complentes,

259 1015 390 1049 Cunctis
414 1015 668 1049 Atheniensibus
956 1018 995 1050 In
1021 1017 1110 1049 nullo
1138 1016 1325 1050 deficientes

308 1063 517 1096 Manentibus
541 1064 576 1096 in
602 1063 751 1100 Graecia.
1002 1065 1278 1105 Adimpleverunt
1302 1063 1420 1098 omnia.

174 1123 232 1156 8a.
258 1120 323 1153 Sed
343 1121 432 1162 quid,
458 1121 535 1153 dum
551 1121 688 1176 Romam
706 1122 786 1156 San·
872 1122 932 1156 81).
955 1123 1155 1155 Antoninum
1179 1121 1349 1162 infirmari,

258 1217 302 1250 Et
328 1217 433 1249 socius
457 1172 661 1250 Antogtgtgs
956 1219 1076 1252 Valida
1101 1218 1188 1251 febri
1212 1218 1343 1260 gravari

305 1265 448 1305 Vadunt,
476 1265 611 1306 contigit
634 1266 668 1298 in
693 1267 747 1299 via
1003 1267 1048 1300 Et
1072 1267 1157 1300 mori
1180 1267 1215 1299 in
1238 1267 1345 1300 Italia.

175 1325 233 1358 9a.
261 1322 321 1362 Qui
346 1323 386 1355 ab
413 1323 541 1363 hospite
565 1323 665 1364 impio
872 1324 934 1361 9b.
957 1325 1053 1358 Hunc
1079 1325 1251 1359 Sanctinus
1276 1324 1476 1366 sublimavit,

257 1370 336 1402 Fuit
359 1371 393 1403 in
419 1371 622 1411 sterquilinio
954 1373 1053 1406 Lavit
1077 1376 1111 1406 et
1136 1373 1384 1406 communicavit

305 1418 484 1463 Projectus,
512 1428 530 1451 0
554 1420 697 1453 insania!
1006 1421 1107 1454 Sacra
1132 1421 1337 1455 eucharistia.

150 1476 231 1510 loa.
258 1475 303 1508 Et
328 1476 376 1508 sic
399 1480 532 1517 peracto
557 1478 669 1510 nuntio
848 1479 932 1513 101).
954 1478 1021 1512 Ubi
1045 1489 1128 1512 unus
1154 1482 1231 1520 post
1255 1479 1355 1511 alium

258 1524 481 1557 Revertuntur
506 1533 577 1557 cum
603 1527 720 1566 gaudio
954 1527 1074 1561 Tenuit
1098 1526 1311 1568 pontificium,

303 1572 426 1605 Meldis
451 1573 486 1605 in
511 1573 592 1605 urbe
616 1575 761 1616 propria,
1002 1575 1128 1608 Mundo
1154 1576 1268 1609 vivunt
1290 1575 1326 1608 in
1351 1575 1463 1617 gloria.

225 1638 309 1667 Miss.
341 1648 396 1667 ms.
428 1639 457 1667 S.
488 1639 612 1667 Martini
641 1640 807 1669 'hu-onena
839 1649 915 1670 saec.
949 1639 993 1670 15.
1025 1642 1096 1670 Cod.
1124 1642 1291 1670 Turonens.
1323 1639 1388 1670 194.
1421 1641 1489 1670 add.

150 1686 226 1707 saec.
251 1675 295 1705 16.
317 1692 352 1698 —
377 1675 445 1712 10a,
470 1675 488 1704 2
508 1678 680 1706 Revertitur
700 1680 755 1707 Hs.

569 1771 641 1803 404.
682 1772 727 1804 De
747 1774 855 1806 sancto
876 1773 1061 1806 saviniano.

556 1844 588 1877 1.
617 1843 741 1886 Gaude,
768 1845 941 1878 Trecensis
963 1846 1088 1888 civitas,

616 1892 697 1927 Cum
721 1893 817 1926 adest
840 1894 902 1926 tibi
926 1895 1081 1928 sanctitas

652 1941 751 1978 Hunc
774 1951 836 1983 per
861 1942 1080 1976 Savinianum.

151 1999 207 2031 22..
235 1996 340 2030 Deum
367 1997 448 2030 coeli
474 1998 700 2038 complectitur
850 2000 909 2034 210.
932 2001 1072 2034 Psalmis
1097 2001 1208 2034 David
1232 2001 1399 2044 imbuitur,

236 2044 343 2078 Corde
368 2046 474 2079 credit
498 2048 530 2078 et
555 2047 711 2088 sequitur,
932 2050 997 2083 Per
1022 2059 1100 2090 quos
1126 2058 1244 2091 nempe
1268 2051 1460 2084 reconditur

284 2093 376 2134 Quod
400 2092 515 2127 fideles
542 2094 691 2136 diligunt.
980 2097 1068 2130 Diva
1093 2098 1265 2139 sapientia.

152 2154 208 2186 3a.
233 2151 365 2184 Patrem
389 2152 509 2193 linquit
534 2155 566 2185 et
593 2153 775 2195 Graeciam,
849 2155 908 2189 3b.
931 2156 957 2189 O
982 2165 1035 2188 res
1060 2159 1241 2190 memoratu
1267 2157 1375 2200 digna,

237 2200 357 2232 Trecas
382 2200 482 2242 venit,
508 2203 546 2233 ut
569 2202 708 2245 gratiam
934 2203 1028 2238 Sicca
1051 2205 1180 2246 plantat
1205 2206 1296 2239 humi
1320 2207 1410 2248 ligna

284 2248 459 2282 Praedicet
483 2249 701 2284 credentibus.
979 2253 1026 2286 Et
1051 2254 1115 2287 cito
1141 2258 1260 2296 parent
1284 2254 1375 2290 folia.

152 2307 210 2338 4a.
238 2304 340 2338 Fuste
363 2309 477 2347 raptus
504 2310 537 2339 et
560 2311 730 2349 quassatus
847 2310 908 2344 4b.
932 2311 1054 2345 Christi
1078 2313 1172 2345 miles
1195 2313 1369 2346 decoratur

233 2352 312 2385 Fuit
336 2355 469 2387 tandem
496 2357 529 2387 et
553 2360 679 2389 assatus
933 2359 1046 2401 Galea,
1074 2361 1132 2394 sed
1157 2360 1388 2404 inflammatur,

283 2402 382 2435 Jussu
406 2403 595 2445 Aureliani3
977 2408 1025 2441 Ut
1050 2418 1146 2450 quam
1172 2410 1235 2442 cito
1257 2414 1383 2451 pereat.
