<?xml version="1.0" encoding="UTF-8"?>
<!DOCTYPE html PUBLIC "-//W3C//DTD XHTML 1.0 Transitional//EN"
    "http://www.w3.org/TR/xhtml1/DTD/xhtml1-transitional.dtd">
<html xmlns="http://www.w3.org/1999/xhtml" xml:lang="en" lang="en">
 <head>
  <title>
</title>
<meta http-equiv="Content-Type" content="text/html;charset=utf-8" />
  <meta name='ocr-system' content='tesseract 3.04.00' />
  <meta name='ocr-capabilities' content='ocr_page ocr_carea ocr_par ocr_line ocrx_word'/>
</head>
<body>
  <div class='ocr_page' id='page_1' title='image "./analectahymnica10drevuoft_00088.png"; bbox 0 0 1652 2678; ppageno 0'>
   <div class='ocr_carea' id='block_1_1' title="bbox 762 87 991 123">
    <p class='ocr_par' dir='ltr' id='par_1_1' title="bbox 762 87 991 123">
     <span class='ocr_line' id='line_1_1' title="bbox 762 87 991 123; baseline 0 -12"><span class='ocrx_word' id='word_1_1' title='bbox 762 87 991 123; x_wconf 60' lang='lat'>„35-</span> 
     </span>
    </p>
   </div>
   <div class='ocr_carea' id='block_1_2' title="bbox 202 183 1532 1175">
    <p class='ocr_par' dir='ltr' id='par_1_2' title="bbox 202 183 1532 1175">
     <span class='ocr_line' id='line_1_2' title="bbox 203 183 1324 229; baseline -0.002 -11"><span class='ocrx_word' id='word_1_2' title='bbox 203 186 264 218; x_wconf 69' lang='lat' dir='ltr'>Sa.</span> <span class='ocrx_word' id='word_1_3' title='bbox 291 183 396 217; x_wconf 84' lang='lat' dir='ltr'>Natus</span> <span class='ocrx_word' id='word_1_4' title='bbox 423 186 598 229; x_wconf 84' lang='lat' dir='ltr'>decoravit,</span> <span class='ocrx_word' id='word_1_5' title='bbox 909 185 970 218; x_wconf 84' lang='lat' dir='ltr'>3b.</span> <span class='ocrx_word' id='word_1_6' title='bbox 992 185 1036 219; x_wconf 89' lang='lat' dir='ltr'>Ut</span> <span class='ocrx_word' id='word_1_7' title='bbox 1063 185 1145 217; x_wconf 86' lang='lat' dir='ltr'>coeli</span> <span class='ocrx_word' id='word_1_8' title='bbox 1169 185 1324 227; x_wconf 77' lang='lat' dir='ltr'>reginam.</span> 
     </span>
     <span class='ocr_line' id='line_1_3' title="bbox 291 233 1164 274; baseline -0.001 -8"><span class='ocrx_word' id='word_1_9' title='bbox 291 234 438 274; x_wconf 83' lang='lat' dir='ltr'>Ornavit,</span> <span class='ocrx_word' id='word_1_10' title='bbox 992 233 1164 266; x_wconf 82' lang='lat' dir='ltr'>Dominam</span> 
     </span>
     <span class='ocr_line' id='line_1_4' title="bbox 339 281 1449 324; baseline -0.002 -10"><span class='ocrx_word' id='word_1_11' title='bbox 339 281 395 315; x_wconf 85' lang='lat' dir='ltr'>Sic</span> <span class='ocrx_word' id='word_1_12' title='bbox 418 283 524 323; x_wconf 82' lang='lat' dir='ltr'>ipsam</span> <span class='ocrx_word' id='word_1_13' title='bbox 552 283 722 324; x_wconf 67' lang='lat' dir='ltr'>disposuit.</span> <span class='ocrx_word' id='word_1_14' title='bbox 1041 283 1080 315; x_wconf 86' lang='lat' dir='ltr'>In</span> <span class='ocrx_word' id='word_1_15' title='bbox 1105 282 1222 314; x_wconf 83' lang='lat' dir='ltr'>throno</span> <span class='ocrx_word' id='word_1_16' title='bbox 1248 290 1305 313; x_wconf 91' lang='lat' dir='ltr'>suo</span> <span class='ocrx_word' id='word_1_17' title='bbox 1332 282 1449 321; x_wconf 85' lang='lat' dir='ltr'>posuit.</span> 
     </span>
     <span class='ocr_line' id='line_1_5' title="bbox 203 339 1361 380; baseline -0.003 -7"><span class='ocrx_word' id='word_1_18' title='bbox 203 341 267 373; x_wconf 64' lang='lat'>42.</span> <span class='ocrx_word' id='word_1_19' title='bbox 296 339 433 379; x_wconf 79' lang='lat' dir='ltr'>Quidam</span> <span class='ocrx_word' id='word_1_20' title='bbox 458 339 564 379; x_wconf 84' lang='lat' dir='ltr'>ipsam</span> <span class='ocrx_word' id='word_1_21' title='bbox 588 339 747 380; x_wconf 82' lang='lat' dir='ltr'>dubitant,</span> <span class='ocrx_word' id='word_1_22' title='bbox 909 339 969 374; x_wconf 83' lang='lat' dir='ltr'>4b.</span> <span class='ocrx_word' id='word_1_23' title='bbox 991 339 1057 372; x_wconf 86' lang='lat' dir='ltr'>Sed</span> <span class='ocrx_word' id='word_1_24' title='bbox 1083 342 1132 371; x_wconf 87' lang='lat' dir='ltr'>est</span> <span class='ocrx_word' id='word_1_25' title='bbox 1156 339 1361 377; x_wconf 84' lang='lat' dir='ltr'>incredibile,</span> 
     </span>
     <span class='ocr_line' id='line_1_6' title="bbox 290 387 1328 428; baseline -0.003 -7"><span class='ocrx_word' id='word_1_26' title='bbox 290 390 448 421; x_wconf 86' lang='lat' dir='ltr'>Asserere</span> <span class='ocrx_word' id='word_1_27' title='bbox 472 387 634 422; x_wconf 78' lang='lat' dir='ltr'>haesitant</span> <span class='ocrx_word' id='word_1_28' title='bbox 995 389 1097 421; x_wconf 86' lang='lat' dir='ltr'>Immo</span> <span class='ocrx_word' id='word_1_29' title='bbox 1126 387 1328 428; x_wconf 85' lang='lat' dir='ltr'>impossibile</span> 
     </span>
     <span class='ocr_line' id='line_1_7' title="bbox 340 435 1391 477; baseline -0.001 -9"><span class='ocrx_word' id='word_1_30' title='bbox 340 435 485 476; x_wconf 81' lang='lat' dir='ltr'>Corpore</span> <span class='ocrx_word' id='word_1_31' title='bbox 511 439 722 477; x_wconf 74' lang='lat' dir='ltr'>assumptam,</span> <span class='ocrx_word' id='word_1_32' title='bbox 1041 438 1080 470; x_wconf 91' lang='lat' dir='ltr'>In</span> <span class='ocrx_word' id='word_1_33' title='bbox 1105 438 1195 468; x_wconf 83' lang='lat' dir='ltr'>terra</span> <span class='ocrx_word' id='word_1_34' title='bbox 1219 436 1391 476; x_wconf 80' lang='lat' dir='ltr'>sepultam.</span> 
     </span>
     <span class='ocr_line' id='line_1_8' title="bbox 205 493 1402 535; baseline 0.001 -8"><span class='ocrx_word' id='word_1_35' title='bbox 205 496 264 528; x_wconf 81' lang='lat' dir='ltr'>5a.</span> <span class='ocrx_word' id='word_1_36' title='bbox 293 493 371 527; x_wconf 90' lang='lat' dir='ltr'>Cum</span> <span class='ocrx_word' id='word_1_37' title='bbox 398 495 440 527; x_wconf 89' lang='lat' dir='ltr'>sit</span> <span class='ocrx_word' id='word_1_38' title='bbox 465 494 600 526; x_wconf 83' lang='lat' dir='ltr'>thronus</span> <span class='ocrx_word' id='word_1_39' title='bbox 627 495 745 535; x_wconf 81' lang='lat' dir='ltr'>regius,</span> <span class='ocrx_word' id='word_1_40' title='bbox 910 493 970 529; x_wconf 82' lang='lat' dir='ltr'>5b.</span> <span class='ocrx_word' id='word_1_41' title='bbox 997 494 1062 527; x_wconf 90' lang='lat' dir='ltr'>Cur</span> <span class='ocrx_word' id='word_1_42' title='bbox 1090 493 1252 534; x_wconf 83' lang='lat' dir='ltr'>corrumpi</span> <span class='ocrx_word' id='word_1_43' title='bbox 1280 493 1402 528; x_wconf 80' lang='lat' dir='ltr'>debuit..</span> 
     </span>
     <span class='ocr_line' id='line_1_9' title="bbox 290 541 1507 583; baseline -0.002 -8"><span class='ocrx_word' id='word_1_44' title='bbox 290 542 467 575; x_wconf 80' lang='lat' dir='ltr'>Thalamus</span> <span class='ocrx_word' id='word_1_45' title='bbox 491 543 648 583; x_wconf 82' lang='lat' dir='ltr'>egregius.</span> <span class='ocrx_word' id='word_1_46' title='bbox 993 542 1081 582; x_wconf 80' lang='lat' dir='ltr'>Quae</span> <span class='ocrx_word' id='word_1_47' title='bbox 1108 542 1235 574; x_wconf 87' lang='lat' dir='ltr'>domum</span> <span class='ocrx_word' id='word_1_48' title='bbox 1259 541 1329 574; x_wconf 88' lang='lat' dir='ltr'>Deo</span> <span class='ocrx_word' id='word_1_49' title='bbox 1355 541 1507 582; x_wconf 82' lang='lat' dir='ltr'>praebuit</span> 
     </span>
     <span class='ocr_line' id='line_1_10' title="bbox 337 589 1454 632; baseline -0.002 -9"><span class='ocrx_word' id='word_1_50' title='bbox 337 591 376 623; x_wconf 86' lang='lat' dir='ltr'>In</span> <span class='ocrx_word' id='word_1_51' title='bbox 402 599 498 631; x_wconf 82' lang='lat' dir='ltr'>quem</span> <span class='ocrx_word' id='word_1_52' title='bbox 527 599 586 622; x_wconf 77' lang='lat' dir='ltr'>rex</span> <span class='ocrx_word' id='word_1_53' title='bbox 612 590 798 632; x_wconf 76' lang='lat' dir='ltr'>declinavit,</span> <span class='ocrx_word' id='word_1_54' title='bbox 1041 592 1081 624; x_wconf 86' lang='lat' dir='ltr'>In</span> <span class='ocrx_word' id='word_1_55' title='bbox 1107 599 1170 630; x_wconf 81' lang='lat' dir='ltr'>qua</span> <span class='ocrx_word' id='word_1_56' title='bbox 1194 598 1229 623; x_wconf 86' lang='lat' dir='ltr'>se</span> <span class='ocrx_word' id='word_1_57' title='bbox 1252 589 1454 625; x_wconf 61' lang='lat' dir='ltr'>humanavit.</span> 
     </span>
     <span class='ocr_line' id='line_1_11' title="bbox 204 647 1314 690; baseline -0.001 -10"><span class='ocrx_word' id='word_1_58' title='bbox 204 648 263 681; x_wconf 89' lang='lat' dir='ltr'>6a.</span> <span class='ocrx_word' id='word_1_59' title='bbox 292 648 417 688; x_wconf 88' lang='lat' dir='ltr'>Corpus</span> <span class='ocrx_word' id='word_1_60' title='bbox 443 647 617 689; x_wconf 84' lang='lat' dir='ltr'>gloriosum</span> <span class='ocrx_word' id='word_1_61' title='bbox 909 647 970 681; x_wconf 88' lang='lat' dir='ltr'>6b.</span> <span class='ocrx_word' id='word_1_62' title='bbox 992 647 1091 689; x_wconf 87' lang='lat' dir='ltr'>Regis</span> <span class='ocrx_word' id='word_1_63' title='bbox 1117 649 1314 690; x_wconf 82' lang='lat' dir='ltr'>angelorum,</span> 
     </span>
     <span class='ocr_line' id='line_1_12' title="bbox 290 695 1311 736; baseline -0.001 -8"><span class='ocrx_word' id='word_1_64' title='bbox 290 695 498 736; x_wconf 84' lang='lat' dir='ltr'>Multumque</span> <span class='ocrx_word' id='word_1_65' title='bbox 523 695 700 728; x_wconf 83' lang='lat' dir='ltr'>formosum</span> <span class='ocrx_word' id='word_1_66' title='bbox 991 696 1123 728; x_wconf 89' lang='lat' dir='ltr'>Domini</span> <span class='ocrx_word' id='word_1_67' title='bbox 1150 697 1311 729; x_wconf 85' lang='lat' dir='ltr'>coelorum</span> 
     </span>
     <span class='ocr_line' id='line_1_13' title="bbox 338 743 1432 785; baseline 0 -9"><span class='ocrx_word' id='word_1_68' title='bbox 338 743 437 776; x_wconf 81' lang='lat' dir='ltr'>Nullo</span> <span class='ocrx_word' id='word_1_69' title='bbox 463 744 559 776; x_wconf 85' lang='lat' dir='ltr'>modo</span> <span class='ocrx_word' id='word_1_70' title='bbox 585 744 722 784; x_wconf 79' lang='lat' dir='ltr'>putruit,</span> <span class='ocrx_word' id='word_1_71' title='bbox 1040 744 1133 785; x_wconf 77' lang='lat' dir='ltr'>Quod</span> <span class='ocrx_word' id='word_1_72' title='bbox 1157 744 1333 785; x_wconf 79' lang='lat' dir='ltr'>hospitium</span> <span class='ocrx_word' id='word_1_73' title='bbox 1359 743 1432 777; x_wconf 76' lang='lat' dir='ltr'>fuit.</span> 
     </span>
     <span class='ocr_line' id='line_1_14' title="bbox 206 800 1298 843; baseline -0.001 -8"><span class='ocrx_word' id='word_1_74' title='bbox 206 803 268 835; x_wconf 85' lang='lat' dir='ltr'>7a.</span> <span class='ocrx_word' id='word_1_75' title='bbox 294 801 403 842; x_wconf 85' lang='lat' dir='ltr'>Absit,</span> <span class='ocrx_word' id='word_1_76' title='bbox 429 804 465 834; x_wconf 85' lang='lat' dir='ltr'>ut</span> <span class='ocrx_word' id='word_1_77' title='bbox 489 801 550 834; x_wconf 84' lang='lat' dir='ltr'>hoc</span> <span class='ocrx_word' id='word_1_78' title='bbox 577 800 707 834; x_wconf 82' lang='lat' dir='ltr'>credam</span> <span class='ocrx_word' id='word_1_79' title='bbox 910 802 927 835; x_wconf 82' lang='lat'><strong>7</strong></span> <span class='ocrx_word' id='word_1_80' title='bbox 936 801 968 834; x_wconf 87' lang='lat' dir='ltr'>b.</span> <span class='ocrx_word' id='word_1_81' title='bbox 992 801 1124 835; x_wconf 83' lang='lat' dir='ltr'>Ventris</span> <span class='ocrx_word' id='word_1_82' title='bbox 1150 802 1298 843; x_wconf 80' lang='lat' dir='ltr'>virginei,</span> 
     </span>
     <span class='ocr_line' id='line_1_15' title="bbox 337 849 1453 891; baseline 0 -11"><span class='ocrx_word' id='word_1_83' title='bbox 337 850 424 890; x_wconf 80' lang='lat' dir='ltr'>quod</span> <span class='ocrx_word' id='word_1_84' title='bbox 442 859 520 891; x_wconf 77' lang='lat' dir='ltr'>pars</span> <span class='ocrx_word' id='word_1_85' title='bbox 541 850 584 882; x_wconf 86' lang='lat' dir='ltr'>sit</span> <span class='ocrx_word' id='word_1_86' title='bbox 603 849 736 890; x_wconf 86' lang='lat' dir='ltr'>putrida</span> <span class='ocrx_word' id='word_1_87' title='bbox 751 858 847 891; x_wconf 84' lang='lat' dir='ltr'>quae-</span> <span class='ocrx_word' id='word_1_88' title='bbox 1041 858 1122 891; x_wconf 82' lang='lat' dir='ltr'>quae</span> <span class='ocrx_word' id='word_1_89' title='bbox 1148 853 1255 882; x_wconf 81' lang='lat' dir='ltr'>manet</span> <span class='ocrx_word' id='word_1_90' title='bbox 1281 851 1354 882; x_wconf 83' lang='lat' dir='ltr'>aula</span> <span class='ocrx_word' id='word_1_91' title='bbox 1380 849 1453 882; x_wconf 90' lang='lat' dir='ltr'>Dei.</span> 
     </span>
     <span class='ocr_line' id='line_1_16' title="bbox 617 897 692 929; baseline 0 0"><span class='ocrx_word' id='word_1_92' title='bbox 617 897 692 929; x_wconf 83' lang='lat' dir='ltr'>dam</span> 
     </span>
     <span class='ocr_line' id='line_1_17' title="bbox 202 955 1311 997; baseline -0.003 -7"><span class='ocrx_word' id='word_1_93' title='bbox 202 957 262 990; x_wconf 83' lang='lat' dir='ltr'>8a.</span> <span class='ocrx_word' id='word_1_94' title='bbox 290 957 402 997; x_wconf 85' lang='lat' dir='ltr'>Ipsam</span> <span class='ocrx_word' id='word_1_95' title='bbox 429 956 650 996; x_wconf 76' lang='lat' dir='ltr'>deprecemur,</span> <span class='ocrx_word' id='word_1_96' title='bbox 910 955 970 990; x_wconf 85' lang='lat' dir='ltr'>8b.</span> <span class='ocrx_word' id='word_1_97' title='bbox 992 956 1059 989; x_wconf 88' lang='lat' dir='ltr'>Ubi</span> <span class='ocrx_word' id='word_1_98' title='bbox 1084 959 1198 996; x_wconf 84' lang='lat' dir='ltr'>regnat</span> <span class='ocrx_word' id='word_1_99' title='bbox 1224 963 1311 988; x_wconf 83' lang='lat' dir='ltr'>vere.</span> 
     </span>
     <span class='ocr_line' id='line_1_18' title="bbox 289 1003 1302 1038; baseline -0.002 -1"><span class='ocrx_word' id='word_1_100' title='bbox 289 1003 336 1038; x_wconf 84' lang='lat' dir='ltr'>Ut</span> <span class='ocrx_word' id='word_1_101' title='bbox 359 1004 406 1036; x_wconf 88' lang='lat' dir='ltr'>ibi</span> <span class='ocrx_word' id='word_1_102' title='bbox 431 1005 576 1036; x_wconf 87' lang='lat' dir='ltr'>locemur</span> <span class='ocrx_word' id='word_1_103' title='bbox 992 1004 1061 1036; x_wconf 81' lang='lat' dir='ltr'>Nos</span> <span class='ocrx_word' id='word_1_104' title='bbox 1087 1004 1168 1036; x_wconf 80' lang='lat' dir='ltr'>velit</span> <span class='ocrx_word' id='word_1_105' title='bbox 1191 1003 1302 1037; x_wconf 82' lang='lat' dir='ltr'>fovere</span> 
     </span>
     <span class='ocr_line' id='line_1_19' title="bbox 339 1051 1338 1093; baseline -0.002 -7"><span class='ocrx_word' id='word_1_106' title='bbox 339 1052 419 1086; x_wconf 87' lang='lat' dir='ltr'>Cum</span> <span class='ocrx_word' id='word_1_107' title='bbox 444 1051 549 1093; x_wconf 83' lang='lat' dir='ltr'>ipsius</span> <span class='ocrx_word' id='word_1_108' title='bbox 573 1055 661 1091; x_wconf 84' lang='lat' dir='ltr'>nato,</span> <span class='ocrx_word' id='word_1_109' title='bbox 1040 1054 1082 1086; x_wconf 79' lang='lat' dir='ltr'>In</span> <span class='ocrx_word' id='word_1_110' title='bbox 1105 1060 1205 1093; x_wconf 83' lang='lat' dir='ltr'>regno</span> <span class='ocrx_word' id='word_1_111' title='bbox 1230 1051 1338 1084; x_wconf 81' lang='lat' dir='ltr'>beato.</span> 
     </span>
     <span class='ocr_line' id='line_1_20' title="bbox 281 1136 1532 1175; baseline -0.002 -8"><span class='ocrx_word' id='word_1_112' title='bbox 281 1139 366 1167; x_wconf 89' lang='lat' dir='ltr'>Miss.</span> <span class='ocrx_word' id='word_1_113' title='bbox 395 1148 449 1167; x_wconf 90' lang='lat' dir='ltr'>ms.</span> <span class='ocrx_word' id='word_1_114' title='bbox 473 1138 569 1175; x_wconf 86' lang='lat' dir='ltr'>Capit.</span> <span class='ocrx_word' id='word_1_115' title='bbox 592 1139 782 1167; x_wconf 78' lang='lat' dir='ltr'>Cracoviens.</span> <span class='ocrx_word' id='word_1_116' title='bbox 810 1136 838 1166; x_wconf 88' lang='lat'>6.</span> <span class='ocrx_word' id='word_1_117' title='bbox 864 1146 942 1167; x_wconf 78' lang='lat' dir='ltr'>saec.</span> <span class='ocrx_word' id='word_1_118' title='bbox 972 1136 997 1166; x_wconf 63' lang='lat' dir='ltr'>1AE</span> <span class='ocrx_word' id='word_1_119' title='bbox 1028 1148 1069 1166; x_wconf 87' lang='lat' dir='ltr'>m.</span> <span class='ocrx_word' id='word_1_120' title='bbox 1090 1137 1125 1165; x_wconf 92' lang='lat' dir='ltr'>A.</span> <span class='ocrx_word' id='word_1_121' title='bbox 1153 1154 1192 1158; x_wconf 83' lang='lat'>—</span> <span class='ocrx_word' id='word_1_122' title='bbox 1220 1139 1361 1174; x_wconf 64' lang='lat' dir='ltr'>Seqlunt.</span> <span class='ocrx_word' id='word_1_123' title='bbox 1384 1146 1437 1164; x_wconf 68' lang='lat' dir='ltr'>ms..</span> <span class='ocrx_word' id='word_1_124' title='bbox 1461 1137 1532 1165; x_wconf 60' lang='lat' dir='ltr'>Dan:</span> 
     </span>
    </p>
   </div>
   <div class='ocr_carea' id='block_1_3' title="bbox 202 1175 1186 1214">
    <p class='ocr_par' dir='ltr' id='par_1_3' title="bbox 202 1175 1186 1214">
     <span class='ocr_line' id='line_1_21' title="bbox 202 1175 1186 1214; baseline -0.002 -8"><span class='ocrx_word' id='word_1_125' title='bbox 202 1177 379 1206; x_wconf 73' lang='lat' dir='ltr'>Polkowski</span> <span class='ocrx_word' id='word_1_126' title='bbox 402 1187 423 1204; x_wconf 63' lang='grc' dir='ltr'>ις.</span> <span class='ocrx_word' id='word_1_127' title='bbox 448 1177 524 1213; x_wconf 84' lang='lat' dir='ltr'>sign.</span> <span class='ocrx_word' id='word_1_128' title='bbox 546 1185 624 1205; x_wconf 82' lang='lat' dir='ltr'>saec.</span> <span class='ocrx_word' id='word_1_129' title='bbox 648 1175 683 1204; x_wconf 82' lang='lat'>15</span> <span class='ocrx_word' id='word_1_130' title='bbox 705 1186 749 1205; x_wconf 78' lang='lat' dir='ltr'>ex.</span> <span class='ocrx_word' id='word_1_131' title='bbox 771 1176 805 1205; x_wconf 91' lang='lat' dir='ltr'>B.</span> <span class='ocrx_word' id='word_1_132' title='bbox 824 1192 862 1197; x_wconf 91' lang='grc'><strong>-</strong></span> <span class='ocrx_word' id='word_1_133' title='bbox 883 1176 926 1205; x_wconf 72' lang='lat'>73</span> <span class='ocrx_word' id='word_1_134' title='bbox 947 1186 1011 1214; x_wconf 83' lang='lat' dir='ltr'>sqq.</span> <span class='ocrx_word' id='word_1_135' title='bbox 1032 1176 1132 1205; x_wconf 81' lang='lat' dir='ltr'>fehlen</span> <span class='ocrx_word' id='word_1_136' title='bbox 1153 1177 1186 1204; x_wconf 85' lang='lat' dir='ltr'>B.</span> 
     </span>
    </p>
   </div>
   <div class='ocr_carea' id='block_1_4' title="bbox 625 1317 1117 1360">
    <p class='ocr_par' dir='ltr' id='par_1_4' title="bbox 625 1317 1117 1360">
     <span class='ocr_line' id='line_1_22' title="bbox 625 1317 1117 1360; baseline -0.002 -11"><span class='ocrx_word' id='word_1_137' title='bbox 625 1317 688 1350; x_wconf 78' lang='lat'>103.</span> <span class='ocrx_word' id='word_1_138' title='bbox 729 1319 764 1351; x_wconf 89' lang='lat' dir='ltr'>In</span> <span class='ocrx_word' id='word_1_139' title='bbox 787 1317 1009 1360; x_wconf 75' lang='lat' dir='ltr'>Assluuptione</span> <span class='ocrx_word' id='word_1_140' title='bbox 1028 1318 1117 1350; x_wconf 71' lang='lat' dir='ltr'>BMY.</span> 
     </span>
    </p>
   </div>
   <div class='ocr_carea' id='block_1_5' title="bbox 195 1407 1547 2169">
    <p class='ocr_par' dir='ltr' id='par_1_5' title="bbox 195 1407 1547 2169">
     <span class='ocr_line' id='line_1_23' title="bbox 204 1407 1383 1451; baseline -0.002 -8"><span class='ocrx_word' id='word_1_141' title='bbox 204 1409 263 1443; x_wconf 82' lang='lat' dir='ltr'>1a.</span> <span class='ocrx_word' id='word_1_142' title='bbox 291 1409 391 1450; x_wconf 85' lang='lat' dir='ltr'>Virgo</span> <span class='ocrx_word' id='word_1_143' title='bbox 417 1409 659 1451; x_wconf 81' lang='lat' dir='ltr'>benignissima,</span> <span class='ocrx_word' id='word_1_144' title='bbox 909 1407 968 1442; x_wconf 87' lang='lat' dir='ltr'>1b.</span> <span class='ocrx_word' id='word_1_145' title='bbox 990 1409 1044 1442; x_wconf 83' lang='lat' dir='ltr'>Ex</span> <span class='ocrx_word' id='word_1_146' title='bbox 1069 1411 1167 1450; x_wconf 85' lang='lat' dir='ltr'>partu</span> <span class='ocrx_word' id='word_1_147' title='bbox 1192 1408 1383 1448; x_wconf 76' lang='lat' dir='ltr'>castissima,</span> 
     </span>
     <span class='ocr_line' id='line_1_24' title="bbox 286 1456 1434 1498; baseline -0.002 -8"><span class='ocrx_word' id='word_1_148' title='bbox 286 1456 397 1490; x_wconf 80' lang='lat' dir='ltr'>Mater</span> <span class='ocrx_word' id='word_1_149' title='bbox 421 1457 641 1498; x_wconf 79' lang='lat' dir='ltr'>integerrima,</span> <span class='ocrx_word' id='word_1_150' title='bbox 992 1457 1060 1497; x_wconf 83' lang='lat' dir='ltr'>Quo</span> <span class='ocrx_word' id='word_1_151' title='bbox 1086 1457 1153 1497; x_wconf 74' lang='lat' dir='ltr'>plus</span> <span class='ocrx_word' id='word_1_152' title='bbox 1185 1456 1292 1497; x_wconf 86' lang='lat' dir='ltr'>replet</span> <span class='ocrx_word' id='word_1_153' title='bbox 1318 1457 1434 1489; x_wconf 81' lang='lat' dir='ltr'>intima</span> 
     </span>
     <span class='ocr_line' id='line_1_25' title="bbox 335 1505 1415 1547; baseline -0.002 -9"><span class='ocrx_word' id='word_1_154' title='bbox 335 1506 459 1547; x_wconf 83' lang='lat' dir='ltr'>Regale</span> <span class='ocrx_word' id='word_1_155' title='bbox 482 1506 672 1544; x_wconf 80' lang='lat' dir='ltr'>triclinium,</span> <span class='ocrx_word' id='word_1_156' title='bbox 1041 1505 1192 1539; x_wconf 82' lang='lat' dir='ltr'>Goeleste</span> <span class='ocrx_word' id='word_1_157' title='bbox 1213 1506 1415 1545; x_wconf 73' lang='lat' dir='ltr'>mysterium.</span> 
     </span>
     <span class='ocr_line' id='line_1_26' title="bbox 202 1562 1302 1607; baseline -0.002 -10"><span class='ocrx_word' id='word_1_158' title='bbox 202 1565 259 1597; x_wconf 83' lang='lat' dir='ltr'>2a.</span> <span class='ocrx_word' id='word_1_159' title='bbox 289 1565 314 1598; x_wconf 95' lang='lat' dir='ltr'>O</span> <span class='ocrx_word' id='word_1_160' title='bbox 339 1562 419 1596; x_wconf 82' lang='lat' dir='ltr'>felix</span> <span class='ocrx_word' id='word_1_161' title='bbox 443 1572 618 1607; x_wconf 79' lang='lat' dir='ltr'>puerpera,</span> <span class='ocrx_word' id='word_1_162' title='bbox 906 1563 967 1598; x_wconf 83' lang='lat' dir='ltr'>2b.</span> <span class='ocrx_word' id='word_1_163' title='bbox 991 1564 1017 1598; x_wconf 93' lang='grc' dir='ltr'><strong>Ο</strong></span> <span class='ocrx_word' id='word_1_164' title='bbox 1043 1564 1141 1597; x_wconf 80' lang='lat' dir='ltr'>beata</span> <span class='ocrx_word' id='word_1_165' title='bbox 1165 1564 1302 1603; x_wconf 85' lang='lat' dir='ltr'>viscera,</span> 
     </span>
     <span class='ocr_line' id='line_1_27' title="bbox 286 1611 1345 1654; baseline -0.002 -9"><span class='ocrx_word' id='word_1_166' title='bbox 286 1612 375 1653; x_wconf 81' lang='lat' dir='ltr'>Quae</span> <span class='ocrx_word' id='word_1_167' title='bbox 400 1614 565 1654; x_wconf 66' lang='lat' dir='ltr'>mgentem</span> <span class='ocrx_word' id='word_1_168' title='bbox 592 1612 701 1645; x_wconf 87' lang='lat' dir='ltr'>sidera</span> <span class='ocrx_word' id='word_1_169' title='bbox 989 1613 1092 1646; x_wconf 81' lang='lat' dir='ltr'>Plena</span> <span class='ocrx_word' id='word_1_170' title='bbox 1118 1612 1207 1644; x_wconf 90' lang='lat' dir='ltr'>coelo</span> <span class='ocrx_word' id='word_1_171' title='bbox 1234 1611 1345 1652; x_wconf 88' lang='lat' dir='ltr'>ubera,</span> 
     </span>
     <span class='ocr_line' id='line_1_28' title="bbox 332 1660 1499 1702; baseline 0.001 -9"><span class='ocrx_word' id='word_1_172' title='bbox 332 1660 460 1694; x_wconf 81' lang='lat' dir='ltr'>Mundo</span> <span class='ocrx_word' id='word_1_173' title='bbox 484 1661 575 1701; x_wconf 82' lang='lat' dir='ltr'>paris</span> <span class='ocrx_word' id='word_1_174' title='bbox 600 1660 722 1701; x_wconf 75' lang='lat' dir='ltr'>filium3</span> <span class='ocrx_word' id='word_1_175' title='bbox 1037 1662 1127 1702; x_wconf 76' lang='lat' dir='ltr'>Quae</span> <span class='ocrx_word' id='word_1_176' title='bbox 1150 1669 1210 1693; x_wconf 76' lang='lat' dir='ltr'>rex</span> <span class='ocrx_word' id='word_1_177' title='bbox 1234 1660 1321 1701; x_wconf 82' lang='lat' dir='ltr'>sugit</span> <span class='ocrx_word' id='word_1_178' title='bbox 1347 1661 1499 1694; x_wconf 83' lang='lat' dir='ltr'>omnium.</span> 
     </span>
     <span class='ocr_line' id='line_1_29' title="bbox 197 1717 1335 1760; baseline -0.002 -8"><span class='ocrx_word' id='word_1_179' title='bbox 197 1721 260 1753; x_wconf 72' lang='lat'>321.</span> <span class='ocrx_word' id='word_1_180' title='bbox 289 1720 314 1753; x_wconf 93' lang='lat' dir='ltr'>O</span> <span class='ocrx_word' id='word_1_181' title='bbox 336 1719 434 1752; x_wconf 84' lang='lat' dir='ltr'>stella</span> <span class='ocrx_word' id='word_1_182' title='bbox 458 1717 675 1760; x_wconf 82' lang='lat' dir='ltr'>praefulgida,</span> <span class='ocrx_word' id='word_1_183' title='bbox 906 1719 966 1754; x_wconf 88' lang='lat' dir='ltr'>3b.</span> <span class='ocrx_word' id='word_1_184' title='bbox 989 1720 1015 1753; x_wconf 93' lang='lat' dir='ltr'>O</span> <span class='ocrx_word' id='word_1_185' title='bbox 1043 1719 1192 1752; x_wconf 84' lang='lat' dir='ltr'>columna</span> <span class='ocrx_word' id='word_1_186' title='bbox 1217 1718 1335 1757; x_wconf 85' lang='lat' dir='ltr'>solida,</span> 
     </span>
     <span class='ocr_line' id='line_1_30' title="bbox 285 1764 1359 1809; baseline -0.003 -8"><span class='ocrx_word' id='word_1_187' title='bbox 285 1767 392 1807; x_wconf 84' lang='lat' dir='ltr'>Supra</span> <span class='ocrx_word' id='word_1_188' title='bbox 417 1768 526 1801; x_wconf 85' lang='lat' dir='ltr'>lunam</span> <span class='ocrx_word' id='word_1_189' title='bbox 552 1767 672 1807; x_wconf 80' lang='lat' dir='ltr'>lueida,</span> <span class='ocrx_word' id='word_1_190' title='bbox 988 1768 1089 1809; x_wconf 82' lang='lat' dir='ltr'>Virgo</span> <span class='ocrx_word' id='word_1_191' title='bbox 1113 1767 1207 1800; x_wconf 84' lang='lat' dir='ltr'>Jesse</span> <span class='ocrx_word' id='word_1_192' title='bbox 1231 1764 1359 1807; x_wconf 87' lang='lat' dir='ltr'>florida,</span> 
     </span>
     <span class='ocr_line' id='line_1_31' title="bbox 334 1814 1547 1856; baseline -0.001 -8"><span class='ocrx_word' id='word_1_193' title='bbox 334 1816 421 1849; x_wconf 85' lang='lat' dir='ltr'>Solis</span> <span class='ocrx_word' id='word_1_194' title='bbox 445 1815 580 1848; x_wconf 73' lang='lat' dir='ltr'>vincens</span> <span class='ocrx_word' id='word_1_195' title='bbox 606 1815 754 1856; x_wconf 82' lang='lat' dir='ltr'>radium3</span> <span class='ocrx_word' id='word_1_196' title='bbox 1036 1816 1195 1849; x_wconf 80' lang='lat' dir='ltr'>Fructum</span> <span class='ocrx_word' id='word_1_197' title='bbox 1223 1814 1303 1848; x_wconf 84' lang='lat' dir='ltr'>dans</span> <span class='ocrx_word' id='word_1_198' title='bbox 1330 1818 1363 1847; x_wconf 84' lang='lat' dir='ltr'>et</span> <span class='ocrx_word' id='word_1_199' title='bbox 1383 1814 1547 1855; x_wconf 81' lang='lat' dir='ltr'>gaudium.</span> 
     </span>
     <span class='ocr_line' id='line_1_32' title="bbox 195 1873 1325 1914; baseline -0.002 -7"><span class='ocrx_word' id='word_1_200' title='bbox 195 1878 257 1908; x_wconf 71' lang='lat'>421.</span> <span class='ocrx_word' id='word_1_201' title='bbox 287 1875 312 1908; x_wconf 94' lang='grc' dir='ltr'>Ο</span> <span class='ocrx_word' id='word_1_202' title='bbox 341 1873 455 1906; x_wconf 89' lang='lat' dir='ltr'>domus</span> <span class='ocrx_word' id='word_1_203' title='bbox 482 1873 635 1913; x_wconf 80' lang='lat' dir='ltr'>eburnea,</span> <span class='ocrx_word' id='word_1_204' title='bbox 904 1873 965 1908; x_wconf 83' lang='lat' dir='ltr'>4b.</span> <span class='ocrx_word' id='word_1_205' title='bbox 988 1875 1013 1908; x_wconf 95' lang='lat' dir='ltr'>O</span> <span class='ocrx_word' id='word_1_206' title='bbox 1039 1874 1195 1914; x_wconf 84' lang='lat' dir='ltr'>Engaddi</span> <span class='ocrx_word' id='word_1_207' title='bbox 1219 1873 1325 1912; x_wconf 72' lang='lat' dir='ltr'>vinea,</span> 
     </span>
     <span class='ocr_line' id='line_1_33' title="bbox 286 1921 1309 1963; baseline -0.003 -6"><span class='ocrx_word' id='word_1_208' title='bbox 286 1923 432 1957; x_wconf 84' lang='lat' dir='ltr'>Granum</span> <span class='ocrx_word' id='word_1_209' title='bbox 458 1922 528 1955; x_wconf 88' lang='lat' dir='ltr'>sine</span> <span class='ocrx_word' id='word_1_210' title='bbox 553 1922 659 1963; x_wconf 84' lang='lat' dir='ltr'>palea,</span> <span class='ocrx_word' id='word_1_211' title='bbox 988 1923 1014 1956; x_wconf 95' lang='lat' dir='ltr'>O</span> <span class='ocrx_word' id='word_1_212' title='bbox 1040 1924 1123 1955; x_wconf 80' lang='lat' dir='ltr'>vitta</span> <span class='ocrx_word' id='word_1_213' title='bbox 1149 1921 1309 1962; x_wconf 84' lang='lat' dir='ltr'>coccinea,</span> 
     </span>
     <span class='ocr_line' id='line_1_34' title="bbox 333 1970 1371 2010; baseline -0.003 -5"><span class='ocrx_word' id='word_1_214' title='bbox 333 1972 358 2005; x_wconf 95' lang='lat' dir='ltr'>O</span> <span class='ocrx_word' id='word_1_215' title='bbox 387 1972 485 2004; x_wconf 81' lang='lat' dir='ltr'>decus</span> <span class='ocrx_word' id='word_1_216' title='bbox 513 1970 719 2010; x_wconf 72' lang='lat' dir='ltr'>coelestium;</span> <span class='ocrx_word' id='word_1_217' title='bbox 1034 1972 1059 2005; x_wconf 93' lang='lat' dir='ltr'>O</span> <span class='ocrx_word' id='word_1_218' title='bbox 1083 1971 1151 2003; x_wconf 82' lang='lat' dir='ltr'>vita</span> <span class='ocrx_word' id='word_1_219' title='bbox 1176 1971 1371 2006; x_wconf 80' lang='lat' dir='ltr'>mortalium,</span> 
     </span>
     <span class='ocr_line' id='line_1_35' title="bbox 199 2028 1354 2070; baseline -0.002 -6"><span class='ocrx_word' id='word_1_220' title='bbox 199 2032 255 2065; x_wconf 83' lang='lat' dir='ltr'>5a.</span> <span class='ocrx_word' id='word_1_221' title='bbox 282 2030 336 2064; x_wconf 77' lang='lat' dir='ltr'>Da</span> <span class='ocrx_word' id='word_1_222' title='bbox 359 2030 454 2063; x_wconf 88' lang='lat' dir='ltr'>nobis</span> <span class='ocrx_word' id='word_1_223' title='bbox 477 2030 623 2070; x_wconf 85' lang='lat' dir='ltr'>propitia</span> <span class='ocrx_word' id='word_1_224' title='bbox 903 2028 963 2064; x_wconf 86' lang='lat' dir='ltr'>5b.</span> <span class='ocrx_word' id='word_1_225' title='bbox 986 2029 1062 2062; x_wconf 88' lang='lat' dir='ltr'>Tibi</span> <span class='ocrx_word' id='word_1_226' title='bbox 1086 2029 1157 2061; x_wconf 85' lang='lat' dir='ltr'>laus</span> <span class='ocrx_word' id='word_1_227' title='bbox 1183 2032 1216 2061; x_wconf 90' lang='lat' dir='ltr'>et</span> <span class='ocrx_word' id='word_1_228' title='bbox 1239 2029 1354 2069; x_wconf 81' lang='lat' dir='ltr'>gratia⁷</span> 
     </span>
     <span class='ocr_line' id='line_1_36' title="bbox 282 2077 1388 2119; baseline -0.001 -8"><span class='ocrx_word' id='word_1_229' title='bbox 282 2080 322 2112; x_wconf 91' lang='lat' dir='ltr'>In</span> <span class='ocrx_word' id='word_1_230' title='bbox 349 2079 482 2111; x_wconf 85' lang='lat' dir='ltr'>coelesti</span> <span class='ocrx_word' id='word_1_231' title='bbox 505 2079 615 2119; x_wconf 76' lang='lat' dir='ltr'>patria</span> <span class='ocrx_word' id='word_1_232' title='bbox 986 2077 1037 2111; x_wconf 82' lang='lat' dir='ltr'>Sit</span> <span class='ocrx_word' id='word_1_233' title='bbox 1062 2081 1093 2111; x_wconf 87' lang='lat' dir='ltr'>et</span> <span class='ocrx_word' id='word_1_234' title='bbox 1121 2077 1248 2111; x_wconf 88' lang='lat' dir='ltr'>Christo</span> <span class='ocrx_word' id='word_1_235' title='bbox 1274 2078 1388 2118; x_wconf 75' lang='lat' dir='ltr'>gloria⁷</span> 
     </span>
     <span class='ocr_line' id='line_1_37' title="bbox 333 2126 1405 2169; baseline -0.001 -9"><span class='ocrx_word' id='word_1_236' title='bbox 333 2127 480 2161; x_wconf 80' lang='lat' dir='ltr'>Salutem</span> <span class='ocrx_word' id='word_1_237' title='bbox 505 2129 538 2159; x_wconf 79' lang='lat' dir='ltr'>et</span> <span class='ocrx_word' id='word_1_238' title='bbox 563 2127 734 2169; x_wconf 80' lang='lat' dir='ltr'>gaudium3</span> <span class='ocrx_word' id='word_1_239' title='bbox 1031 2127 1141 2160; x_wconf 84' lang='lat' dir='ltr'>Decus</span> <span class='ocrx_word' id='word_1_240' title='bbox 1166 2131 1199 2159; x_wconf 81' lang='lat' dir='ltr'>et</span> <span class='ocrx_word' id='word_1_241' title='bbox 1222 2126 1405 2167; x_wconf 85' lang='lat' dir='ltr'>imperium.</span> 
     </span>
    </p>
   </div>
   <div class='ocr_carea' id='block_1_6' title="bbox 194 2210 1545 2446">
    <p class='ocr_par' dir='ltr' id='par_1_6' title="bbox 194 2210 1545 2446">
     <span class='ocr_line' id='line_1_38' title="bbox 273 2210 1544 2242; baseline -0.003 1"><span class='ocrx_word' id='word_1_242' title='bbox 273 2215 360 2242; x_wconf 85' lang='lat' dir='ltr'>Miss.</span> <span class='ocrx_word' id='word_1_243' title='bbox 390 2222 444 2241; x_wconf 89' lang='lat' dir='ltr'>ms.</span> <span class='ocrx_word' id='word_1_244' title='bbox 465 2212 624 2242; x_wconf 66' lang='lat' dir='ltr'>Aeduense</span> <span class='ocrx_word' id='word_1_245' title='bbox 644 2221 721 2241; x_wconf 83' lang='lat' dir='ltr'>saec.</span> <span class='ocrx_word' id='word_1_246' title='bbox 745 2213 790 2242; x_wconf 85' lang='lat'>15.</span> <span class='ocrx_word' id='word_1_247' title='bbox 813 2212 884 2241; x_wconf 85' lang='lat' dir='ltr'>Cod.</span> <span class='ocrx_word' id='word_1_248' title='bbox 904 2213 1046 2242; x_wconf 82' lang='lat' dir='ltr'>Tolosan.</span> <span class='ocrx_word' id='word_1_249' title='bbox 1070 2210 1133 2241; x_wconf 87' lang='lat'>100.</span> <span class='ocrx_word' id='word_1_250' title='bbox 1155 2213 1191 2240; x_wconf 90' lang='lat' dir='ltr'>A.</span> <span class='ocrx_word' id='word_1_251' title='bbox 1212 2227 1249 2232; x_wconf 85' lang='lat'>——</span> <span class='ocrx_word' id='word_1_252' title='bbox 1273 2212 1357 2241; x_wconf 85' lang='lat' dir='ltr'>Miss.</span> <span class='ocrx_word' id='word_1_253' title='bbox 1381 2221 1434 2240; x_wconf 90' lang='lat' dir='ltr'>ms.</span> <span class='ocrx_word' id='word_1_254' title='bbox 1457 2213 1544 2241; x_wconf 71' lang='lat' dir='ltr'>Gai-nl.</span> 
     </span>
     <span class='ocr_line' id='line_1_39' title="bbox 194 2250 1544 2282; baseline -0.002 0"><span class='ocrx_word' id='word_1_255' title='bbox 194 2254 287 2282; x_wconf 85' lang='lat' dir='ltr'>Rolin</span> <span class='ocrx_word' id='word_1_256' title='bbox 313 2261 391 2282; x_wconf 84' lang='lat' dir='ltr'>saec.</span> <span class='ocrx_word' id='word_1_257' title='bbox 422 2251 466 2281; x_wconf 86' lang='lat'>15.</span> <span class='ocrx_word' id='word_1_258' title='bbox 488 2251 560 2280; x_wconf 83' lang='lat' dir='ltr'>Cod.</span> <span class='ocrx_word' id='word_1_259' title='bbox 582 2253 693 2281; x_wconf 86' lang='lat' dir='ltr'>Semin.</span> <span class='ocrx_word' id='word_1_260' title='bbox 714 2253 864 2281; x_wconf 86' lang='lat' dir='ltr'>Aeduens.</span> <span class='ocrx_word' id='word_1_261' title='bbox 888 2250 952 2281; x_wconf 86' lang='lat'>114.</span> <span class='ocrx_word' id='word_1_262' title='bbox 974 2254 999 2281; x_wconf 74' lang='grc' dir='ltr'><strong>Β</strong></span> <span class='ocrx_word' id='word_1_263' title='bbox 1036 2268 1074 2272; x_wconf 87' lang='lat'>——</span> <span class='ocrx_word' id='word_1_264' title='bbox 1099 2251 1189 2280; x_wconf 85' lang='lat' dir='ltr'>Grad.</span> <span class='ocrx_word' id='word_1_265' title='bbox 1212 2259 1266 2279; x_wconf 89' lang='lat' dir='ltr'>ms.</span> <span class='ocrx_word' id='word_1_266' title='bbox 1287 2251 1445 2281; x_wconf 78' lang='lat' dir='ltr'>Aeduense</span> <span class='ocrx_word' id='word_1_267' title='bbox 1466 2260 1544 2281; x_wconf 76' lang='lat' dir='ltr'>saec.</span> 
     </span>
     <span class='ocr_line' id='line_1_40' title="bbox 198 2289 1545 2329; baseline -0.003 -8"><span class='ocrx_word' id='word_1_268' title='bbox 198 2291 243 2321; x_wconf 86' lang='lat'>15.</span> <span class='ocrx_word' id='word_1_269' title='bbox 267 2292 338 2321; x_wconf 78' lang='lat' dir='ltr'>cod.</span> <span class='ocrx_word' id='word_1_270' title='bbox 360 2291 472 2320; x_wconf 77' lang='lat' dir='ltr'>Semin.</span> <span class='ocrx_word' id='word_1_271' title='bbox 494 2291 643 2320; x_wconf 79' lang='lat' dir='ltr'>Aeduens.</span> <span class='ocrx_word' id='word_1_272' title='bbox 669 2298 694 2320; x_wconf 88' lang='lat' dir='ltr'>s.</span> <span class='ocrx_word' id='word_1_273' title='bbox 721 2293 797 2329; x_wconf 78' lang='lat' dir='ltr'>sign.</span> <span class='ocrx_word' id='word_1_274' title='bbox 820 2291 853 2319; x_wconf 85' lang='lat' dir='ltr'>C.</span> <span class='ocrx_word' id='word_1_275' title='bbox 879 2308 919 2312; x_wconf 87' lang='lat'>-—</span> <span class='ocrx_word' id='word_1_276' title='bbox 942 2292 1027 2320; x_wconf 87' lang='lat' dir='ltr'>Miss.</span> <span class='ocrx_word' id='word_1_277' title='bbox 1050 2299 1104 2319; x_wconf 88' lang='lat' dir='ltr'>ms.</span> <span class='ocrx_word' id='word_1_278' title='bbox 1125 2291 1282 2319; x_wconf 72' lang='lat' dir='ltr'>Aeduense</span> <span class='ocrx_word' id='word_1_279' title='bbox 1303 2299 1380 2319; x_wconf 75' lang='lat' dir='ltr'>saec.</span> <span class='ocrx_word' id='word_1_280' title='bbox 1404 2289 1448 2319; x_wconf 87' lang='lat'>15.</span> <span class='ocrx_word' id='word_1_281' title='bbox 1471 2292 1545 2320; x_wconf 78' lang='lat' dir='ltr'>Cod.</span> 
     </span>
     <span class='ocr_line' id='line_1_41' title="bbox 195 2328 1544 2361; baseline 0 -1"><span class='ocrx_word' id='word_1_282' title='bbox 195 2332 308 2361; x_wconf 84' lang='lat' dir='ltr'>Semin.</span> <span class='ocrx_word' id='word_1_283' title='bbox 328 2331 479 2360; x_wconf 79' lang='lat' dir='ltr'>Aeduens.</span> <span class='ocrx_word' id='word_1_284' title='bbox 502 2328 567 2358; x_wconf 83' lang='lat'>115.</span> <span class='ocrx_word' id='word_1_285' title='bbox 588 2331 627 2359; x_wconf 92' lang='lat' dir='ltr'>D.</span> <span class='ocrx_word' id='word_1_286' title='bbox 650 2345 685 2349; x_wconf 92' lang='lat'><strong>—</strong></span> <span class='ocrx_word' id='word_1_287' title='bbox 705 2331 791 2359; x_wconf 72' lang='lat' dir='ltr'>Miss.</span> <span class='ocrx_word' id='word_1_288' title='bbox 812 2339 866 2359; x_wconf 90' lang='lat' dir='ltr'>ms.</span> <span class='ocrx_word' id='word_1_289' title='bbox 886 2330 1045 2359; x_wconf 80' lang='lat' dir='ltr'>Aeduense</span> <span class='ocrx_word' id='word_1_290' title='bbox 1066 2338 1144 2359; x_wconf 83' lang='lat' dir='ltr'>saec.</span> <span class='ocrx_word' id='word_1_291' title='bbox 1169 2328 1213 2359; x_wconf 82' lang='lat'>15.</span> <span class='ocrx_word' id='word_1_292' title='bbox 1232 2329 1303 2358; x_wconf 84' lang='lat' dir='ltr'>Cod.</span> <span class='ocrx_word' id='word_1_293' title='bbox 1319 2329 1431 2359; x_wconf 86' lang='lat' dir='ltr'>Semin.</span> <span class='ocrx_word' id='word_1_294' title='bbox 1445 2331 1544 2360; x_wconf 83' lang='lat' dir='ltr'>Aedu-</span> 
     </span>
     <span class='ocr_line' id='line_1_42' title="bbox 195 2367 1543 2400; baseline -0.001 0"><span class='ocrx_word' id='word_1_295' title='bbox 195 2380 257 2400; x_wconf 82' lang='lat' dir='ltr'>ens.</span> <span class='ocrx_word' id='word_1_296' title='bbox 288 2368 353 2400; x_wconf 80' lang='lat'>123.</span> <span class='ocrx_word' id='word_1_297' title='bbox 379 2371 416 2399; x_wconf 90' lang='grc' dir='ltr'>Ε.</span> <span class='ocrx_word' id='word_1_298' title='bbox 445 2385 484 2391; x_wconf 79' lang='lat'>-—·</span> <span class='ocrx_word' id='word_1_299' title='bbox 510 2371 595 2399; x_wconf 90' lang='lat' dir='ltr'>Miss.</span> <span class='ocrx_word' id='word_1_300' title='bbox 622 2378 676 2398; x_wconf 87' lang='lat' dir='ltr'>ms.</span> <span class='ocrx_word' id='word_1_301' title='bbox 697 2370 855 2399; x_wconf 84' lang='lat' dir='ltr'>Aeduense</span> <span class='ocrx_word' id='word_1_302' title='bbox 881 2370 953 2399; x_wconf 84' lang='lat' dir='ltr'>anni</span> <span class='ocrx_word' id='word_1_303' title='bbox 983 2367 1067 2398; x_wconf 77' lang='lat'>1476.</span> <span class='ocrx_word' id='word_1_304' title='bbox 1090 2369 1162 2397; x_wconf 80' lang='lat' dir='ltr'>eod.</span> <span class='ocrx_word' id='word_1_305' title='bbox 1184 2370 1295 2398; x_wconf 71' lang='lat' dir='ltr'>Semin.</span> <span class='ocrx_word' id='word_1_306' title='bbox 1316 2369 1464 2398; x_wconf 82' lang='lat' dir='ltr'>Aeduens.</span> <span class='ocrx_word' id='word_1_307' title='bbox 1489 2369 1543 2399; x_wconf 60' lang='lat'>118</span> 
     </span>
     <span class='ocr_line' id='line_1_43' title="bbox 194 2408 1264 2446; baseline -0.003 -7"><span class='ocrx_word' id='word_1_308' title='bbox 194 2411 252 2439; x_wconf 81' lang='lat' dir='ltr'>bis.</span> <span class='ocrx_word' id='word_1_309' title='bbox 273 2412 306 2440; x_wconf 76' lang='lat' dir='ltr'>F.</span> <span class='ocrx_word' id='word_1_310' title='bbox 326 2426 365 2431; x_wconf 87' lang='lat'>——</span> <span class='ocrx_word' id='word_1_311' title='bbox 386 2408 438 2446; x_wconf 62' lang='lat'>241,</span> <span class='ocrx_word' id='word_1_312' title='bbox 459 2408 479 2439; x_wconf 77' lang='grc'>3</span> <span class='ocrx_word' id='word_1_313' title='bbox 498 2417 618 2446; x_wconf 80' lang='lat' dir='ltr'>parcns.</span> <span class='ocrx_word' id='word_1_314' title='bbox 637 2409 674 2437; x_wconf 83' lang='lat' dir='ltr'>A.</span> <span class='ocrx_word' id='word_1_315' title='bbox 693 2426 731 2430; x_wconf 89' lang='lat'>—</span> <span class='ocrx_word' id='word_1_316' title='bbox 751 2409 837 2438; x_wconf 60' lang='lat' dir='ltr'>Mer:</span> <span class='ocrx_word' id='word_1_317' title='bbox 855 2410 936 2439; x_wconf 79' lang='lat' dir='ltr'>Veni</span> <span class='ocrx_word' id='word_1_318' title='bbox 954 2412 1056 2437; x_wconf 75' lang='lat' dir='ltr'>sancte</span> <span class='ocrx_word' id='word_1_319' title='bbox 1078 2409 1211 2444; x_wconf 65' lang='lat' dir='ltr'>spiritus.</span> <span class='ocrx_word' id='word_1_320' title='bbox 1232 2408 1264 2437; x_wconf 78' lang='lat' dir='ltr'>C.</span> 
     </span>
    </p>
   </div>
  </div>
 </body>
</html>
