1652 2678
698 150 739 155 -—
795 128 966 164 224—-

189 228 244 261 5a.
274 227 394 260 Caesar
419 227 509 270 furit,
536 229 611 270 quia
635 228 736 269 videt,

273 275 365 315 Quod
389 277 558 309 tormentis
582 277 673 317 virgo
699 276 787 308 ridet

324 324 380 356 Nil
402 324 519 357 cedens
545 324 723 366 supplici03

186 382 243 415 6a.
270 381 366 414 Hanc
390 382 502 423 regina
528 382 605 414 dum
630 381 763 422 solatur,

269 429 454 462 Christiana
479 429 637 462 dilatatur

318 478 382 510 Per
405 476 510 517 ipsam
533 476 666 517 religio:

186 534 204 567 '7
216 543 245 568 a.
273 534 368 566 Hanc
385 533 532 566 Christus
558 542 629 565 cum
647 533 797 574 virginali

271 581 372 614 Coetu
396 581 475 613 visit
499 581 642 621 spiritali

340 629 542 662 Illustratam
567 629 686 670 sidere,

183 685 239 718 Sa.
267 686 323 718 Illi
347 688 439 718 rotae
464 686 682 727 applicantur,

266 733 387 773 Quibus
409 734 545 774 gentiles
570 736 755 766 mactantur

313 781 379 814 Sed
403 782 528 815 intacta
553 782 688 824 virgine,

181 838 238 872 9a.
266 839 450 871 Katharina

265 887 381 920 Monte
406 888 485 921 Sina

312 935 505 968 Tumulatur

310 983 356 1016 Et
378 984 524 1024 liquatur

334 1032 446 1065 Oleum
476 1032 517 1064 de
541 1032 685 1072 tumulo;

154 1088 235 1122 lOa.
262 1090 343 1130 Ave,
369 1090 472 1131 virgo,
499 1092 634 1133 martyr,
659 1098 730 1130 ave,

262 1137 379 1170 Servos
405 1141 477 1170 tuos
505 1138 603 1170 tollas
627 1147 648 1170 a
672 1146 742 1181 vae,

263 1186 351 1219 Onus
376 1186 470 1218 nobis
496 1186 585 1219 leves
609 1194 719 1227 grave,

310 1234 440 1267 Christo
465 1234 650 1267 reconcilia.

881 225 941 260 5b.
963 222 1167 262 Denudatur,
1193 218 1391 260 flagellatur,

967 270 1133 305 Carcerali
1158 276 1283 310 poenae
1309 267 1409 300 datur

1014 319 1069 352 Sic
1089 318 1226 359 jubente
1246 315 1359 356 impio.

882 378 941 413 eb.
968 377 1061 418 Quod
1089 385 1161 408 cum
1184 374 1255 415 regi
1279 372 1465 415 nunciatur,

966 426 997 458 A
1023 423 1171 465 profanis
1194 422 1364 463 jugulatur

1014 472 1090 506 Una
1116 481 1188 504 cum
1211 469 1407 510 porphyrio.

881 532 900 565 7
908 531 940 565 b.
962 532 1084 565 Caesar
1109 528 1191 561 furit
1215 530 1249 560 et
1272 526 1423 567 tabescit,

967 578 1092 619 Quibus
1118 576 1239 618 perdat
1261 575 1370 616 ipsam
1394 574 1500 607 nescit

1013 626 1085 658 Nec
1113 626 1223 666 potest
1246 623 1448 657 subvertere.

880 684 939 719 8b.
961 684 1110 717 Tandem
1137 682 1271 722 dempta
1296 691 1316 714 a
1342 681 1475 714 cohorte

966 732 1209 766 condemnatur
1231 730 1304 763 dira
1328 732 1434 762 morte

1011 780 1080 813 Lac
1097 779 1239 812 fundens
1256 787 1316 819 pro
1330 778 1501 820 sanguinei

878 838 938 873 910.
960 838 1086 871 Reddit
1111 845 1269 879 gressum,

962 886 1069 919 Levat
1091 885 1224 925 fessum,

1012 934 1137 968 Surdus
1163 933 1267 974 audit,

1008 982 1122 1015 Mutus
1147 981 1278 1022 plaudit

1057 1031 1163 1063 Fatus
1189 1029 1397 1063 adminiculo.

854 1088 936 1123 lob.
962 1089 1165 1121 Assistentes
1190 1088 1255 1120 tuis
1281 1086 1374 1120 festis

964 1137 1100 1170 Custodi
1124 1146 1183 1170 nos
1207 1136 1249 1170 ab
1275 1136 1418 1177 incestis,

961 1186 1014 1219 Ne
1037 1195 1096 1218 nos
1122 1188 1210 1218 terat
1233 1185 1347 1218 mundi
1371 1184 1474 1226 pestis

1009 1234 1056 1267 Et
1078 1234 1184 1266 inanis
1209 1233 1324 1275 gloria.

226 1301 312 1329 Miss.
340 1310 395 1328 ms.
417 1300 597 1336 Corbejense
622 1309 699 1329 saec.
728 1298 772 1328 14.
795 1300 867 1328 Cod.
888 1301 1083 1329 Ambianens.
1113 1298 1178 1328 162.
1199 1300 1266 1328 add.
1288 1308 1366 1328 saec.
1389 1297 1434 1328 16.
1455 1314 1494 1319 —

148 1335 208 1374 3a,
231 1337 250 1366 2
280 1339 332 1368 sed
358 1339 471 1367 sederis
492 1339 548 1367 Hs.
569 1355 608 1359 —
627 1338 686 1373 4a,
708 1336 726 1367 3
748 1338 930 1376 Suppedire,
958 1348 1019 1367 von
1044 1340 1100 1368 sub
1128 1339 1190 1367 und
1209 1348 1279 1376 pes,
1302 1340 1337 1366 in
1350 1338 1496 1366 welchem

149 1376 222 1406 Sim-1
274 1378 327 1406 das
353 1378 422 1406 MA.
448 1378 525 1406 auch
552 1378 744 1415 suppeditare
767 1377 902 1406 braucht.
932 1395 937 1399 -

995 1377 1053 1413 ¹7a,
1081 1376 1100 1405 2
1121 1377 1215 1413 jussit
1240 1378 1296 1405 Hs.
1323 1393 1364 1397 —-
1388 1376 1447 1412 712,
1475 1375 1494 1404 2

148 1417 255 1452 perdit.
278 1434 317 1437 —
337 1414 390 1452 Sa,
414 1415 430 1444 1
451 1415 521 1445 Illic
540 1419 624 1445 rotae
644 1417 700 1445 Hs.
721 1432 760 1436 —
781 1415 834 1453 9b,
857 1414 874 1444 5
901 1418 1012 1446 Factus
1034 1417 1217 1445 adminiculo
1238 1417 1310 1453 Hs.;
1337 1416 1499 1445 vielleichtr

149 1456 261 1484 Tactus
281 1465 319 1484 zu
339 1456 443 1484 lesen?

638 1559 707 1591 299.
747 1559 777 1591 S.
797 1558 1010 1592 Katharinae.

153 1631 211 1665 la.
240 1631 400 1673 Sospitati
427 1631 519 1664 dedit
543 1640 658 1672 aegros

282 1681 354 1714 Olei
378 1678 536 1721 perfusio,

149 1740 204 1772 2a.
228 1739 422 1780 Baptizatur
445 1747 529 1771 uxor
554 1738 640 1779 regis

279 1797 345 1820 una
369 1796 442 1819 cum
468 1786 663 1828 Porphyrio‚

149 1846 207 1880 3a.
232 1846 257 1879 Ο
285 1855 381 1887 quam
405 1845 527 1886 probat
555 1847 703 1877 sanctam
727 1844 791 1878 Dei

282 1895 441 1927 Rotarum
467 1892 658 1936 confractio,

149 1953 208 1986 4a.
234 1953 323 1994 Ergo
349 1953 463 1985 laudes
489 1952 695 1986 Katharinae

285 2001 436 2034 concinat
463 2001 545 2034 haec
571 2001 693 2042 concio,

853 1630 912 1665 lb.
934 1631 1139 1664 Katharinae
1166 1630 1369 1671 disputantes

987 1678 1169 1713 confutavit
1192 1679 1290 1713 ratio.

852 1736 910 1772 ab.
934 1738 1004 1771 Lac
1029 1737 1135 1770 efudit
1158 1747 1219 1778 pro
1246 1745 1362 1770 cruore

986 1787 1070 1820 collo
1098 1795 1191 1819 caeso
1217 1785 1338 1827 gladio.

852 1843 913 1882 3b.
935 1845 1037 1886 Quam
1062 1846 1097 1878 in
1122 1842 1202 1878 Sina
1227 1844 1381 1886 sepelivit

985 1894 1174 1937 angelorum
1206 1893 1330 1927 concio.

852 1951 913 1987 4b.
936 1953 1023 1986 Nam
1050 1953 1106 1994 qui
1130 1952 1230 1986 corde
1253 1951 1363 1993 poscit
1385 1951 1477 1984 illam

988 2002 1185 2042 Propulsato
1210 2000 1291 2034 vitio

618 2060 651 2094 5,
678 2058 798 2100 Sospes
823 2060 1019 2100 regreditur.

227 2126 318 2154 Grad.
338 2134 391 2154 ms.
414 2125 582 2154 Graeeense
595 2122 643 2153 36.
664 2134 742 2154 saec.
756 2124 801 2153 14.
821 2142 862 2146 —
880 2126 952 2155 Mel.
973 2127 1025 2155 der
1037 2126 1340 2163 Nikolaus-Sequenz
1360 2125 1507 2163 gleichen

149 2163 293 2200 Anfangs.

518 2266 589 2298 300.
631 2266 676 2298 De
697 2275 722 2298 s.
743 2267 929 2299 Katharina
949 2268 1132 2300 Senenensi2

153 2336 211 2369 la.
239 2336 311 2368 Lux
337 2337 472 2370 advenit
496 2337 695 2378 veneranda,

236 2383 308 2415 Lux
332 2385 368 2416 in
393 2385 500 2416 choris
522 2385 696 2424 jubilanda

284 2431 470 2463 Luminosis
496 2432 668 2473 cordibus3

858 2338 917 2373 lb.
941 2341 1049 2380 Hujus
1073 2340 1165 2375 laeta
1185 2340 1245 2371 lux
1271 2339 1338 2371 diei

934 2388 1070 2420 Festum
1094 2386 1198 2419 refert
1221 2394 1361 2426 sponsae
1383 2387 1451 2421 Dei

985 2434 1236 2467 Decantandum
1260 2432 1425 2472 laudibus,
