<?xml version="1.0" encoding="UTF-8"?>
<!DOCTYPE html PUBLIC "-//W3C//DTD XHTML 1.0 Transitional//EN"
    "http://www.w3.org/TR/xhtml1/DTD/xhtml1-transitional.dtd">
<html xmlns="http://www.w3.org/1999/xhtml" xml:lang="en" lang="en">
 <head>
  <title>
</title>
<meta http-equiv="Content-Type" content="text/html;charset=utf-8" />
  <meta name='ocr-system' content='tesseract 3.04.00' />
  <meta name='ocr-capabilities' content='ocr_page ocr_carea ocr_par ocr_line ocrx_word'/>
</head>
<body>
  <div class='ocr_page' id='page_1' title='image "./analectahymnica10drevuoft_00238.png"; bbox 0 0 1652 2678; ppageno 0'>
   <div class='ocr_carea' id='block_1_1' title="bbox 137 198 197 231">
    <p class='ocr_par' dir='ltr' id='par_1_1' title="bbox 137 198 197 231">
     <span class='ocr_line' id='line_1_1' title="bbox 137 198 197 231; baseline -0.017 0"><span class='ocrx_word' id='word_1_1' title='bbox 137 198 197 231; x_wconf 87' lang='lat' dir='ltr'>2a.</span> 
     </span>
    </p>
   </div>
   <div class='ocr_carea' id='block_1_2' title="bbox 138 364 195 396">
    <p class='ocr_par' dir='ltr' id='par_1_2' title="bbox 138 364 195 396">
     <span class='ocr_line' id='line_1_2' title="bbox 138 364 195 396; baseline -0.018 0"><span class='ocrx_word' id='word_1_2' title='bbox 138 364 195 396; x_wconf 72' lang='lat' dir='ltr'>Sa.</span> 
     </span>
    </p>
   </div>
   <div class='ocr_carea' id='block_1_3' title="bbox 139 528 196 562">
    <p class='ocr_par' dir='ltr' id='par_1_3' title="bbox 139 528 196 562">
     <span class='ocr_line' id='line_1_3' title="bbox 139 528 196 562; baseline 0.035 -3"><span class='ocrx_word' id='word_1_3' title='bbox 139 528 196 562; x_wconf 87' lang='lat' dir='ltr'>4a.</span> 
     </span>
    </p>
   </div>
   <div class='ocr_carea' id='block_1_4' title="bbox 141 692 199 725">
    <p class='ocr_par' dir='ltr' id='par_1_4' title="bbox 141 692 199 725">
     <span class='ocr_line' id='line_1_4' title="bbox 141 692 199 725; baseline -0.034 0"><span class='ocrx_word' id='word_1_4' title='bbox 141 692 199 725; x_wconf 83' lang='lat' dir='ltr'>5a.</span> 
     </span>
    </p>
   </div>
   <div class='ocr_carea' id='block_1_5' title="bbox 140 903 197 936">
    <p class='ocr_par' dir='ltr' id='par_1_5' title="bbox 140 903 197 936">
     <span class='ocr_line' id='line_1_5' title="bbox 140 903 197 936; baseline -0.018 0"><span class='ocrx_word' id='word_1_5' title='bbox 140 903 197 936; x_wconf 86' lang='lat' dir='ltr'>6a.</span> 
     </span>
    </p>
   </div>
   <div class='ocr_carea' id='block_1_6' title="bbox 141 1067 197 1100">
    <p class='ocr_par' dir='ltr' id='par_1_6' title="bbox 141 1067 197 1100">
     <span class='ocr_line' id='line_1_6' title="bbox 141 1067 197 1100; baseline 0.018 -1"><span class='ocrx_word' id='word_1_6' title='bbox 141 1067 197 1100; x_wconf 83' lang='lat' dir='ltr'>7a.</span> 
     </span>
    </p>
   </div>
   <div class='ocr_carea' id='block_1_7' title="bbox 139 1231 196 1264">
    <p class='ocr_par' dir='ltr' id='par_1_7' title="bbox 139 1231 196 1264">
     <span class='ocr_line' id='line_1_7' title="bbox 139 1231 196 1264; baseline -0.018 0"><span class='ocrx_word' id='word_1_7' title='bbox 139 1231 196 1264; x_wconf 87' lang='lat' dir='ltr'>8a.</span> 
     </span>
    </p>
   </div>
   <div class='ocr_carea' id='block_1_8' title="bbox 136 1443 194 1477">
    <p class='ocr_par' dir='ltr' id='par_1_8' title="bbox 136 1443 194 1477">
     <span class='ocr_line' id='line_1_8' title="bbox 136 1443 194 1477; baseline 0.034 -2"><span class='ocrx_word' id='word_1_8' title='bbox 136 1443 194 1477; x_wconf 83' lang='lat' dir='ltr'>9a.</span> 
     </span>
    </p>
   </div>
   <div class='ocr_carea' id='block_1_9' title="bbox 112 1607 195 1640">
    <p class='ocr_par' dir='ltr' id='par_1_9' title="bbox 112 1607 195 1640">
     <span class='ocr_line' id='line_1_9' title="bbox 112 1607 195 1640; baseline -0.012 0"><span class='ocrx_word' id='word_1_9' title='bbox 112 1607 195 1640; x_wconf 81' lang='lat' dir='ltr'>lOa.</span> 
     </span>
    </p>
   </div>
   <div class='ocr_carea' id='block_1_10' title="bbox 112 1771 195 1806">
    <p class='ocr_par' dir='ltr' id='par_1_10' title="bbox 112 1771 195 1806">
     <span class='ocr_line' id='line_1_10' title="bbox 112 1771 195 1806; baseline 0.012 -1"><span class='ocrx_word' id='word_1_10' title='bbox 112 1771 195 1806; x_wconf 84' lang='lat' dir='ltr'>lla.</span> 
     </span>
    </p>
   </div>
   <div class='ocr_carea' id='block_1_11' title="bbox 109 1985 192 2019">
    <p class='ocr_par' dir='ltr' id='par_1_11' title="bbox 109 1985 192 2019">
     <span class='ocr_line' id='line_1_11' title="bbox 109 1985 192 2019; baseline 0 0"><span class='ocrx_word' id='word_1_11' title='bbox 109 1985 192 2019; x_wconf 65' lang='lat'><strong>1212.</strong></span> 
     </span>
    </p>
   </div>
   <div class='ocr_carea' id='block_1_12' title="bbox 646 101 913 137">
    <p class='ocr_par' dir='ltr' id='par_1_12' title="bbox 646 101 913 137">
     <span class='ocr_line' id='line_1_12' title="bbox 646 101 913 137; baseline 0.004 -1"><span class='ocrx_word' id='word_1_12' title='bbox 646 101 913 137; x_wconf 83' lang='lat'>—235—</span> 
     </span>
    </p>
   </div>
   <div class='ocr_carea' id='block_1_13' title="bbox 220 197 658 337">
    <p class='ocr_par' dir='ltr' id='par_1_13' title="bbox 220 197 658 337">
     <span class='ocr_line' id='line_1_13' title="bbox 224 197 647 240; baseline 0.007 -10"><span class='ocrx_word' id='word_1_13' title='bbox 224 197 326 231; x_wconf 88' lang='lat' dir='ltr'>Trino</span> <span class='ocrx_word' id='word_1_14' title='bbox 350 199 422 232; x_wconf 88' lang='lat' dir='ltr'>Deo</span> <span class='ocrx_word' id='word_1_15' title='bbox 449 202 482 231; x_wconf 89' lang='lat' dir='ltr'>et</span> <span class='ocrx_word' id='word_1_16' title='bbox 506 199 647 240; x_wconf 88' lang='lat' dir='ltr'>simplici</span> 
     </span>
     <span class='ocr_line' id='line_1_14' title="bbox 220 245 607 290; baseline 0.003 -11"><span class='ocrx_word' id='word_1_17' title='bbox 220 245 297 279; x_wconf 80' lang='lat' dir='ltr'>Una</span> <span class='ocrx_word' id='word_1_18' title='bbox 322 255 400 279; x_wconf 85' lang='lat' dir='ltr'>voce</span> <span class='ocrx_word' id='word_1_19' title='bbox 425 250 460 279; x_wconf 82' lang='lat' dir='ltr'>et</span> <span class='ocrx_word' id='word_1_20' title='bbox 482 248 607 290; x_wconf 72' lang='lat' dir='ltr'>triplici</span> 
     </span>
     <span class='ocr_line' id='line_1_15' title="bbox 271 295 658 337; baseline 0.005 -10"><span class='ocrx_word' id='word_1_21' title='bbox 271 295 393 328; x_wconf 84' lang='lat' dir='ltr'>Merito</span> <span class='ocrx_word' id='word_1_22' title='bbox 418 297 489 328; x_wconf 91' lang='lat' dir='ltr'>laus</span> <span class='ocrx_word' id='word_1_23' title='bbox 516 297 658 337; x_wconf 82' lang='lat' dir='ltr'>canitur3</span> 
     </span>
    </p>
   </div>
   <div class='ocr_carea' id='block_1_14' title="bbox 221 363 614 502">
    <p class='ocr_par' dir='ltr' id='par_1_14' title="bbox 221 363 614 502">
     <span class='ocr_line' id='line_1_16' title="bbox 221 363 523 405; baseline 0.007 -11"><span class='ocrx_word' id='word_1_24' title='bbox 221 363 330 395; x_wconf 83' lang='lat' dir='ltr'>Pestis</span> <span class='ocrx_word' id='word_1_25' title='bbox 355 363 523 405; x_wconf 85' lang='lat' dir='ltr'>avaritiae,</span> 
     </span>
     <span class='ocr_line' id='line_1_17' title="bbox 224 409 553 445; baseline 0.009 -3"><span class='ocrx_word' id='word_1_26' title='bbox 224 409 327 443; x_wconf 90' lang='lat' dir='ltr'>Simul</span> <span class='ocrx_word' id='word_1_27' title='bbox 352 413 386 443; x_wconf 83' lang='lat' dir='ltr'>et</span> <span class='ocrx_word' id='word_1_28' title='bbox 409 412 553 445; x_wconf 89' lang='lat' dir='ltr'>invidiae</span> 
     </span>
     <span class='ocr_line' id='line_1_18' title="bbox 296 459 614 502; baseline 0.003 -10"><span class='ocrx_word' id='word_1_29' title='bbox 296 459 445 493; x_wconf 75' lang='lat' dir='ltr'>Recedat</span> <span class='ocrx_word' id='word_1_30' title='bbox 466 460 614 502; x_wconf 79' lang='lat' dir='ltr'>tristitia,</span> 
     </span>
    </p>
   </div>
   <div class='ocr_carea' id='block_1_15' title="bbox 223 526 622 665">
    <p class='ocr_par' dir='ltr' id='par_1_15' title="bbox 223 526 622 665">
     <span class='ocr_line' id='line_1_19' title="bbox 223 526 544 561; baseline 0.009 -3"><span class='ocrx_word' id='word_1_31' title='bbox 223 526 420 560; x_wconf 79' lang='lat' dir='ltr'>Laurentius</span> <span class='ocrx_word' id='word_1_32' title='bbox 445 527 544 561; x_wconf 90' lang='lat' dir='ltr'>hodie</span> 
     </span>
     <span class='ocr_line' id='line_1_20' title="bbox 226 574 575 610; baseline 0.003 -3"><span class='ocrx_word' id='word_1_33' title='bbox 226 574 348 608; x_wconf 84' lang='lat' dir='ltr'>Laudis</span> <span class='ocrx_word' id='word_1_34' title='bbox 372 578 406 608; x_wconf 80' lang='lat' dir='ltr'>et</span> <span class='ocrx_word' id='word_1_35' title='bbox 427 575 575 610; x_wconf 79' lang='lat' dir='ltr'>laetitiae</span> 
     </span>
     <span class='ocr_line' id='line_1_21' title="bbox 273 622 622 665; baseline 0.003 -9"><span class='ocrx_word' id='word_1_36' title='bbox 273 622 377 656; x_wconf 88' lang='lat' dir='ltr'>Nobis</span> <span class='ocrx_word' id='word_1_37' title='bbox 403 627 454 657; x_wconf 82' lang='lat' dir='ltr'>est</span> <span class='ocrx_word' id='word_1_38' title='bbox 477 625 622 665; x_wconf 78' lang='lat' dir='ltr'>materia,</span> 
     </span>
    </p>
   </div>
   <div class='ocr_carea' id='block_1_16' title="bbox 228 690 728 735">
    <p class='ocr_par' dir='ltr' id='par_1_16' title="bbox 228 690 728 735">
     <span class='ocr_line' id='line_1_22' title="bbox 228 690 728 735; baseline 0.002 -12"><span class='ocrx_word' id='word_1_39' title='bbox 228 690 358 724; x_wconf 82' lang='lat' dir='ltr'><strong>Castam</strong></span> <span class='ocrx_word' id='word_1_40' title='bbox 382 694 493 724; x_wconf 82' lang='lat' dir='ltr'>servat</span> <span class='ocrx_word' id='word_1_41' title='bbox 513 693 728 735; x_wconf 83' lang='lat' dir='ltr'>juventutem,</span> 
     </span>
    </p>
   </div>
   <div class='ocr_carea' id='block_1_17' title="bbox 221 738 700 877">
    <p class='ocr_par' dir='ltr' id='par_1_17' title="bbox 221 738 700 877">
     <span class='ocr_line' id='line_1_23' title="bbox 223 738 673 779; baseline 0.002 -7"><span class='ocrx_word' id='word_1_42' title='bbox 223 738 344 772; x_wconf 87' lang='lat' dir='ltr'>Adhuc</span> <span class='ocrx_word' id='word_1_43' title='bbox 367 748 450 779; x_wconf 88' lang='lat' dir='ltr'>puer</span> <span class='ocrx_word' id='word_1_44' title='bbox 474 742 673 773; x_wconf 83' lang='lat' dir='ltr'>senectutem</span> 
     </span>
     <span class='ocr_line' id='line_1_24' title="bbox 221 786 700 828; baseline 0.002 -8"><span class='ocrx_word' id='word_1_45' title='bbox 221 786 353 820; x_wconf 82' lang='lat' dir='ltr'>Morum</span> <span class='ocrx_word' id='word_1_46' title='bbox 378 787 462 828; x_wconf 86' lang='lat' dir='ltr'>gerit</span> <span class='ocrx_word' id='word_1_47' title='bbox 486 788 522 820; x_wconf 91' lang='lat' dir='ltr'>in</span> <span class='ocrx_word' id='word_1_48' title='bbox 548 788 700 821; x_wconf 79' lang='lat' dir='ltr'>virtutem</span> 
     </span>
     <span class='ocr_line' id='line_1_25' title="bbox 270 835 655 877; baseline 0.005 -9"><span class='ocrx_word' id='word_1_49' title='bbox 270 835 322 868; x_wconf 89' lang='lat' dir='ltr'>De</span> <span class='ocrx_word' id='word_1_50' title='bbox 346 835 468 868; x_wconf 83' lang='lat' dir='ltr'>virtute</span> <span class='ocrx_word' id='word_1_51' title='bbox 492 836 655 877; x_wconf 83' lang='lat' dir='ltr'>gradiens,</span> 
     </span>
    </p>
   </div>
   <div class='ocr_carea' id='block_1_18' title="bbox 224 903 670 1041">
    <p class='ocr_par' dir='ltr' id='par_1_18' title="bbox 224 903 670 1041">
     <span class='ocr_line' id='line_1_26' title="bbox 224 903 658 944; baseline 0.007 -10"><span class='ocrx_word' id='word_1_52' title='bbox 224 903 462 944; x_wconf 81' lang='lat' dir='ltr'>Archipraesul</span> <span class='ocrx_word' id='word_1_53' title='bbox 487 904 658 937; x_wconf 87' lang='lat' dir='ltr'>ordinatur</span> 
     </span>
     <span class='ocr_line' id='line_1_27' title="bbox 226 950 659 993; baseline 0.002 -9"><span class='ocrx_word' id='word_1_54' title='bbox 226 950 268 984; x_wconf 85' lang='lat' dir='ltr'>Et</span> <span class='ocrx_word' id='word_1_55' title='bbox 294 952 476 991; x_wconf 83' lang='lat' dir='ltr'>praesulem</span> <span class='ocrx_word' id='word_1_56' title='bbox 501 952 659 993; x_wconf 72' lang='lat' dir='ltr'>imitatur,</span> 
     </span>
     <span class='ocr_line' id='line_1_28' title="bbox 297 999 670 1041; baseline 0.003 -9"><span class='ocrx_word' id='word_1_57' title='bbox 297 999 359 1039; x_wconf 73' lang='lat' dir='ltr'>Qui</span> <span class='ocrx_word' id='word_1_58' title='bbox 385 999 484 1032; x_wconf 86' lang='lat' dir='ltr'>corda</span> <span class='ocrx_word' id='word_1_59' title='bbox 507 1000 670 1041; x_wconf 80' lang='lat' dir='ltr'>purificat,</span> 
     </span>
    </p>
   </div>
   <div class='ocr_carea' id='block_1_19' title="bbox 221 1066 715 1206">
    <p class='ocr_par' dir='ltr' id='par_1_19' title="bbox 221 1066 715 1206">
     <span class='ocr_line' id='line_1_29' title="bbox 221 1066 646 1101; baseline 0.005 -2"><span class='ocrx_word' id='word_1_60' title='bbox 221 1066 277 1099; x_wconf 86' lang='lat' dir='ltr'>Ad</span> <span class='ocrx_word' id='word_1_61' title='bbox 304 1075 361 1100; x_wconf 88' lang='lat' dir='ltr'>nos</span> <span class='ocrx_word' id='word_1_62' title='bbox 386 1067 449 1100; x_wconf 89' lang='lat' dir='ltr'>Dei</span> <span class='ocrx_word' id='word_1_63' title='bbox 476 1068 646 1101; x_wconf 86' lang='lat' dir='ltr'>clementia</span> 
     </span>
     <span class='ocr_line' id='line_1_30' title="bbox 223 1114 715 1156; baseline 0.004 -9"><span class='ocrx_word' id='word_1_64' title='bbox 223 1114 304 1147; x_wconf 86' lang='lat' dir='ltr'>Tam</span> <span class='ocrx_word' id='word_1_65' title='bbox 330 1124 464 1156; x_wconf 86' lang='lat' dir='ltr'>magnus</span> <span class='ocrx_word' id='word_1_66' title='bbox 491 1124 531 1148; x_wconf 84' lang='lat' dir='ltr'>ex</span> <span class='ocrx_word' id='word_1_67' title='bbox 556 1116 715 1149; x_wconf 83' lang='lat' dir='ltr'>Hibernia</span> 
     </span>
     <span class='ocr_line' id='line_1_31' title="bbox 272 1163 645 1206; baseline 0.005 -11"><span class='ocrx_word' id='word_1_68' title='bbox 272 1163 457 1196; x_wconf 84' lang='lat' dir='ltr'>Thesaurus</span> <span class='ocrx_word' id='word_1_69' title='bbox 485 1164 645 1206; x_wconf 86' lang='lat' dir='ltr'>dirigitur,</span> 
     </span>
    </p>
   </div>
   <div class='ocr_carea' id='block_1_20' title="bbox 222 1229 706 1418">
    <p class='ocr_par' dir='ltr' id='par_1_20' title="bbox 226 1229 706 1274">
     <span class='ocr_line' id='line_1_32' title="bbox 226 1229 706 1274; baseline 0.006 -12"><span class='ocrx_word' id='word_1_70' title='bbox 226 1229 351 1271; x_wconf 84' lang='lat' dir='ltr'>Gaude,</span> <span class='ocrx_word' id='word_1_71' title='bbox 377 1231 472 1271; x_wconf 88' lang='lat' dir='ltr'>plebs</span> <span class='ocrx_word' id='word_1_72' title='bbox 496 1232 706 1274; x_wconf 86' lang='lat' dir='ltr'>Augensium,</span> 
     </span>
    </p>

    <p class='ocr_par' dir='ltr' id='par_1_21' title="bbox 223 1277 619 1312">
     <span class='ocr_line' id='line_1_33' title="bbox 223 1277 619 1312; baseline 0.005 -2"><span class='ocrx_word' id='word_1_73' title='bbox 223 1277 382 1311; x_wconf 88' lang='lat' dir='ltr'>Collauda</span> <span class='ocrx_word' id='word_1_74' title='bbox 405 1279 619 1312; x_wconf 78' lang='lat' dir='ltr'>Laurentium</span> 
     </span>
    </p>

    <p class='ocr_par' dir='ltr' id='par_1_22' title="bbox 222 1326 618 1418">
     <span class='ocr_line' id='line_1_34' title="bbox 222 1326 540 1367; baseline 0.003 -8"><span class='ocrx_word' id='word_1_75' title='bbox 222 1326 269 1359; x_wconf 77' lang='lat' dir='ltr'>Et</span> <span class='ocrx_word' id='word_1_76' title='bbox 294 1328 362 1367; x_wconf 87' lang='lat' dir='ltr'>ejus</span> <span class='ocrx_word' id='word_1_77' title='bbox 388 1327 540 1360; x_wconf 84' lang='lat' dir='ltr'>auxilium</span> 
     </span>
     <span class='ocr_line' id='line_1_35' title="bbox 270 1375 618 1418; baseline 0.011 -12"><span class='ocrx_word' id='word_1_78' title='bbox 270 1375 477 1408; x_wconf 78' lang='lat' dir='ltr'>Incessauter</span> <span class='ocrx_word' id='word_1_79' title='bbox 502 1376 618 1418; x_wconf 83' lang='lat' dir='ltr'>rogita.</span> 
     </span>
    </p>
   </div>
   <div class='ocr_carea' id='block_1_21' title="bbox 221 1442 576 1581">
    <p class='ocr_par' dir='ltr' id='par_1_23' title="bbox 221 1442 576 1581">
     <span class='ocr_line' id='line_1_36' title="bbox 221 1442 463 1484; baseline 0.004 -9"><span class='ocrx_word' id='word_1_80' title='bbox 221 1442 320 1475; x_wconf 91' lang='lat' dir='ltr'>Hunc</span> <span class='ocrx_word' id='word_1_81' title='bbox 344 1443 463 1484; x_wconf 89' lang='lat' dir='ltr'>apella,</span> 
     </span>
     <span class='ocr_line' id='line_1_37' title="bbox 221 1490 442 1532; baseline 0.009 -10"><span class='ocrx_word' id='word_1_82' title='bbox 221 1490 272 1523; x_wconf 88' lang='lat' dir='ltr'>Ne</span> <span class='ocrx_word' id='word_1_83' title='bbox 297 1492 442 1532; x_wconf 86' lang='lat' dir='ltr'>procella</span> 
     </span>
     <span class='ocr_line' id='line_1_38' title="bbox 245 1539 576 1581; baseline 0.006 -10"><span class='ocrx_word' id='word_1_84' title='bbox 245 1539 349 1573; x_wconf 83' lang='lat' dir='ltr'>Maris</span> <span class='ocrx_word' id='word_1_85' title='bbox 373 1543 407 1571; x_wconf 92' lang='lat' dir='ltr'>te</span> <span class='ocrx_word' id='word_1_86' title='bbox 433 1539 576 1581; x_wconf 79' lang='lat' dir='ltr'>dejiciat,</span> 
     </span>
    </p>
   </div>
   <div class='ocr_carea' id='block_1_22' title="bbox 217 1606 643 1745">
    <p class='ocr_par' dir='ltr' id='par_1_24' title="bbox 217 1606 643 1745">
     <span class='ocr_line' id='line_1_39' title="bbox 224 1606 464 1648; baseline -0.004 -7"><span class='ocrx_word' id='word_1_87' title='bbox 224 1606 308 1641; x_wconf 83' lang='lat' dir='ltr'>Caro</span> <span class='ocrx_word' id='word_1_88' title='bbox 332 1608 464 1648; x_wconf 84' lang='lat' dir='ltr'>premit,</span> 
     </span>
     <span class='ocr_line' id='line_1_40' title="bbox 217 1654 509 1696; baseline 0 -9"><span class='ocrx_word' id='word_1_89' title='bbox 217 1654 363 1688; x_wconf 86' lang='lat' dir='ltr'>Mundus</span> <span class='ocrx_word' id='word_1_90' title='bbox 389 1654 509 1696; x_wconf 82' lang='lat' dir='ltr'>fremit,</span> 
     </span>
     <span class='ocr_line' id='line_1_41' title="bbox 269 1703 643 1745; baseline 0.003 -10"><span class='ocrx_word' id='word_1_91' title='bbox 269 1703 382 1735; x_wconf 81' lang='lat' dir='ltr'>Hostis</span> <span class='ocrx_word' id='word_1_92' title='bbox 406 1706 502 1743; x_wconf 77' lang='lat' dir='ltr'>urget,</span> <span class='ocrx_word' id='word_1_93' title='bbox 526 1704 643 1745; x_wconf 84' lang='lat' dir='ltr'>acrius,</span> 
     </span>
    </p>
   </div>
   <div class='ocr_carea' id='block_1_23' title="bbox 219 1770 702 1958">
    <p class='ocr_par' dir='ltr' id='par_1_25' title="bbox 223 1770 639 1812">
     <span class='ocr_line' id='line_1_42' title="bbox 223 1770 639 1812; baseline 0.002 -10"><span class='ocrx_word' id='word_1_94' title='bbox 223 1770 403 1803; x_wconf 80' lang='lat' dir='ltr'>Sussitator</span> <span class='ocrx_word' id='word_1_95' title='bbox 427 1773 639 1812; x_wconf 89' lang='lat' dir='ltr'>mortuorum,</span> 
     </span>
    </p>

    <p class='ocr_par' dir='ltr' id='par_1_26' title="bbox 219 1819 605 1859">
     <span class='ocr_line' id='line_1_43' title="bbox 219 1819 605 1859; baseline 0 -7"><span class='ocrx_word' id='word_1_96' title='bbox 219 1819 404 1859; x_wconf 80' lang='lat' dir='ltr'>Reparator</span> <span class='ocrx_word' id='word_1_97' title='bbox 428 1820 605 1859; x_wconf 87' lang='lat' dir='ltr'>oculorum,</span> 
     </span>
    </p>

    <p class='ocr_par' dir='ltr' id='par_1_27' title="bbox 221 1866 702 1958">
     <span class='ocr_line' id='line_1_44' title="bbox 221 1866 666 1910; baseline 0 -9"><span class='ocrx_word' id='word_1_98' title='bbox 221 1866 427 1901; x_wconf 89' lang='lat' dir='ltr'>Emundator</span> <span class='ocrx_word' id='word_1_99' title='bbox 452 1868 666 1910; x_wconf 83' lang='lat' dir='ltr'>leprosorum,</span> 
     </span>
     <span class='ocr_line' id='line_1_45' title="bbox 266 1916 702 1958; baseline 0.005 -10"><span class='ocrx_word' id='word_1_100' title='bbox 266 1916 384 1949; x_wconf 84' lang='lat' dir='ltr'>Preces</span> <span class='ocrx_word' id='word_1_101' title='bbox 409 1919 538 1950; x_wconf 87' lang='lat' dir='ltr'>nostras</span> <span class='ocrx_word' id='word_1_102' title='bbox 565 1918 702 1958; x_wconf 81' lang='lat' dir='ltr'>suscipe.</span> 
     </span>
    </p>
   </div>
   <div class='ocr_carea' id='block_1_24' title="bbox 218 1985 662 2125">
    <p class='ocr_par' dir='ltr' id='par_1_28' title="bbox 218 1985 662 2125">
     <span class='ocr_line' id='line_1_46' title="bbox 220 1985 662 2027; baseline 0.002 -10"><span class='ocrx_word' id='word_1_103' title='bbox 220 1985 305 2025; x_wconf 78' lang='lat' dir='ltr'>Quos</span> <span class='ocrx_word' id='word_1_104' title='bbox 330 1988 387 2018; x_wconf 87' lang='lat' dir='ltr'>tua</span> <span class='ocrx_word' id='word_1_105' title='bbox 412 1985 520 2027; x_wconf 79' lang='lat' dir='ltr'>replet</span> <span class='ocrx_word' id='word_1_106' title='bbox 543 1986 662 2027; x_wconf 87' lang='lat' dir='ltr'>gaudio</span> 
     </span>
     <span class='ocr_line' id='line_1_47' title="bbox 218 2034 603 2074; baseline -0.003 -6"><span class='ocrx_word' id='word_1_107' title='bbox 218 2034 407 2074; x_wconf 87' lang='lat' dir='ltr'>Corporalis</span> <span class='ocrx_word' id='word_1_108' title='bbox 431 2034 603 2068; x_wconf 78' lang='lat' dir='ltr'>translatio</span> 
     </span>
     <span class='ocr_line' id='line_1_48' title="bbox 267 2081 645 2125; baseline 0.003 -10"><span class='ocrx_word' id='word_1_109' title='bbox 267 2081 368 2116; x_wconf 90' lang='lat' dir='ltr'>Simul</span> <span class='ocrx_word' id='word_1_110' title='bbox 392 2085 425 2115; x_wconf 83' lang='lat' dir='ltr'>et</span> <span class='ocrx_word' id='word_1_111' title='bbox 449 2083 645 2125; x_wconf 87' lang='lat' dir='ltr'>praesentia,</span> 
     </span>
    </p>
   </div>
   <div class='ocr_carea' id='block_1_25' title="bbox 838 199 897 234">
    <p class='ocr_par' dir='ltr' id='par_1_29' title="bbox 838 199 897 234">
     <span class='ocr_line' id='line_1_49' title="bbox 838 199 897 234; baseline 0 -1"><span class='ocrx_word' id='word_1_112' title='bbox 838 199 897 234; x_wconf 86' lang='lat' dir='ltr'>2b.</span> 
     </span>
    </p>
   </div>
   <div class='ocr_carea' id='block_1_26' title="bbox 839 364 898 399">
    <p class='ocr_par' dir='ltr' id='par_1_30' title="bbox 839 364 898 399">
     <span class='ocr_line' id='line_1_50' title="bbox 839 364 898 399; baseline -0.068 0"><span class='ocrx_word' id='word_1_113' title='bbox 839 364 898 399; x_wconf 84' lang='lat' dir='ltr'>3b.</span> 
     </span>
    </p>
   </div>
   <div class='ocr_carea' id='block_1_27' title="bbox 837 527 899 562">
    <p class='ocr_par' dir='ltr' id='par_1_31' title="bbox 837 527 899 562">
     <span class='ocr_line' id='line_1_51' title="bbox 837 527 899 562; baseline 0 -1"><span class='ocrx_word' id='word_1_114' title='bbox 837 527 899 562; x_wconf 83' lang='lat' dir='ltr'>4b.</span> 
     </span>
    </p>
   </div>
   <div class='ocr_carea' id='block_1_28' title="bbox 839 690 898 725">
    <p class='ocr_par' dir='ltr' id='par_1_32' title="bbox 839 690 898 725">
     <span class='ocr_line' id='line_1_52' title="bbox 839 690 898 725; baseline -0.017 -1"><span class='ocrx_word' id='word_1_115' title='bbox 839 690 898 725; x_wconf 91' lang='lat' dir='ltr'>5b.</span> 
     </span>
    </p>
   </div>
   <div class='ocr_carea' id='block_1_29' title="bbox 840 903 899 937">
    <p class='ocr_par' dir='ltr' id='par_1_33' title="bbox 840 903 899 937">
     <span class='ocr_line' id='line_1_53' title="bbox 840 903 899 937; baseline -0.034 0"><span class='ocrx_word' id='word_1_116' title='bbox 840 903 899 937; x_wconf 89' lang='lat' dir='ltr'>6b.</span> 
     </span>
    </p>
   </div>
   <div class='ocr_carea' id='block_1_30' title="bbox 840 1066 898 1102">
    <p class='ocr_par' dir='ltr' id='par_1_34' title="bbox 840 1066 898 1102">
     <span class='ocr_line' id='line_1_54' title="bbox 840 1066 898 1102; baseline 0.017 -2"><span class='ocrx_word' id='word_1_117' title='bbox 840 1066 898 1102; x_wconf 83' lang='lat' dir='ltr'>7b.</span> 
     </span>
    </p>
   </div>
   <div class='ocr_carea' id='block_1_31' title="bbox 839 1229 899 1265">
    <p class='ocr_par' dir='ltr' id='par_1_35' title="bbox 839 1229 899 1265">
     <span class='ocr_line' id='line_1_55' title="bbox 839 1229 899 1265; baseline -0.067 0"><span class='ocrx_word' id='word_1_118' title='bbox 839 1229 899 1265; x_wconf 88' lang='lat' dir='ltr'>8b.</span> 
     </span>
    </p>
   </div>
   <div class='ocr_carea' id='block_1_32' title="bbox 838 1443 897 1476">
    <p class='ocr_par' dir='ltr' id='par_1_36' title="bbox 838 1443 897 1476">
     <span class='ocr_line' id='line_1_56' title="bbox 838 1443 897 1476; baseline 0 0"><span class='ocrx_word' id='word_1_119' title='bbox 838 1443 897 1476; x_wconf 88' lang='lat' dir='ltr'>9b.</span> 
     </span>
    </p>
   </div>
   <div class='ocr_carea' id='block_1_33' title="bbox 812 1607 897 1642">
    <p class='ocr_par' dir='ltr' id='par_1_37' title="bbox 812 1607 897 1642">
     <span class='ocr_line' id='line_1_57' title="bbox 812 1607 897 1642; baseline 0 0"><span class='ocrx_word' id='word_1_120' title='bbox 812 1607 897 1642; x_wconf 71' lang='lat' dir='ltr'>iob.</span> 
     </span>
    </p>
   </div>
   <div class='ocr_carea' id='block_1_34' title="bbox 813 1771 897 1806">
    <p class='ocr_par' dir='ltr' id='par_1_38' title="bbox 813 1771 897 1806">
     <span class='ocr_line' id='line_1_58' title="bbox 813 1771 897 1806; baseline 0 0"><span class='ocrx_word' id='word_1_121' title='bbox 813 1771 897 1806; x_wconf 89' lang='lat' dir='ltr'>11b.</span> 
     </span>
    </p>
   </div>
   <div class='ocr_carea' id='block_1_35' title="bbox 920 199 1416 336">
    <p class='ocr_par' dir='ltr' id='par_1_39' title="bbox 920 199 1416 336">
     <span class='ocr_line' id='line_1_59' title="bbox 920 199 1416 240; baseline -0.004 -8"><span class='ocrx_word' id='word_1_122' title='bbox 920 200 976 233; x_wconf 88' lang='lat' dir='ltr'>Sic</span> <span class='ocrx_word' id='word_1_123' title='bbox 1000 199 1111 232; x_wconf 88' lang='lat' dir='ltr'>laudet</span> <span class='ocrx_word' id='word_1_124' title='bbox 1136 199 1239 232; x_wconf 90' lang='lat' dir='ltr'>omnis</span> <span class='ocrx_word' id='word_1_125' title='bbox 1265 199 1416 240; x_wconf 88' lang='lat' dir='ltr'>populus,</span> 
     </span>
     <span class='ocr_line' id='line_1_60' title="bbox 920 246 1354 288; baseline -0.007 -7"><span class='ocrx_word' id='word_1_126' title='bbox 920 248 1058 288; x_wconf 79' lang='lat' dir='ltr'>Triplex</span> <span class='ocrx_word' id='word_1_127' title='bbox 1081 247 1167 280; x_wconf 83' lang='lat' dir='ltr'>enim</span> <span class='ocrx_word' id='word_1_128' title='bbox 1191 246 1354 279; x_wconf 78' lang='lat' dir='ltr'>funiculus</span> 
     </span>
     <span class='ocr_line' id='line_1_61' title="bbox 970 295 1310 336; baseline -0.006 -7"><span class='ocrx_word' id='word_1_129' title='bbox 970 295 1116 330; x_wconf 82' lang='lat' dir='ltr'>Difficile</span> <span class='ocrx_word' id='word_1_130' title='bbox 1139 295 1310 336; x_wconf 84' lang='lat' dir='ltr'>rumpitur.</span> 
     </span>
    </p>
   </div>
   <div class='ocr_carea' id='block_1_36' title="bbox 921 363 1377 501">
    <p class='ocr_par' dir='ltr' id='par_1_40' title="bbox 921 363 1377 501">
     <span class='ocr_line' id='line_1_62' title="bbox 921 363 1328 405; baseline -0.007 -8"><span class='ocrx_word' id='word_1_131' title='bbox 921 364 993 397; x_wconf 81' lang='lat' dir='ltr'>Nec</span> <span class='ocrx_word' id='word_1_132' title='bbox 1016 367 1123 397; x_wconf 80' lang='lat' dir='ltr'>tumor</span> <span class='ocrx_word' id='word_1_133' title='bbox 1147 363 1328 405; x_wconf 86' lang='lat' dir='ltr'>superbiae,</span> 
     </span>
     <span class='ocr_line' id='line_1_63' title="bbox 923 411 1277 445; baseline -0.006 0"><span class='ocrx_word' id='word_1_134' title='bbox 923 412 994 445; x_wconf 83' lang='lat' dir='ltr'>Nec</span> <span class='ocrx_word' id='word_1_135' title='bbox 1019 411 1064 445; x_wconf 85' lang='lat' dir='ltr'>fel</span> <span class='ocrx_word' id='word_1_136' title='bbox 1088 411 1277 444; x_wconf 85' lang='lat' dir='ltr'>iracundiae</span> 
     </span>
     <span class='ocr_line' id='line_1_64' title="bbox 969 459 1377 501; baseline -0.002 -8"><span class='ocrx_word' id='word_1_137' title='bbox 969 460 1092 493; x_wconf 78' lang='lat' dir='ltr'>Nostra</span> <span class='ocrx_word' id='word_1_138' title='bbox 1114 459 1226 493; x_wconf 82' lang='lat' dir='ltr'>turbet</span> <span class='ocrx_word' id='word_1_139' title='bbox 1248 459 1377 501; x_wconf 83' lang='lat' dir='ltr'>gaudia.</span> 
     </span>
    </p>
   </div>
   <div class='ocr_carea' id='block_1_37' title="bbox 921 527 1375 666">
    <p class='ocr_par' dir='ltr' id='par_1_41' title="bbox 921 527 1375 666">
     <span class='ocr_line' id='line_1_65' title="bbox 922 527 1295 568; baseline -0.003 -8"><span class='ocrx_word' id='word_1_140' title='bbox 922 528 983 568; x_wconf 78' lang='lat' dir='ltr'>Qui</span> <span class='ocrx_word' id='word_1_141' title='bbox 1008 528 1120 568; x_wconf 81' lang='lat' dir='ltr'>stirpis</span> <span class='ocrx_word' id='word_1_142' title='bbox 1147 527 1295 568; x_wconf 82' lang='lat' dir='ltr'>egregiae</span> 
     </span>
     <span class='ocr_line' id='line_1_66' title="bbox 921 574 1327 616; baseline -0.005 -7"><span class='ocrx_word' id='word_1_143' title='bbox 921 577 1043 610; x_wconf 84' lang='lat' dir='ltr'>Factus</span> <span class='ocrx_word' id='word_1_144' title='bbox 1070 578 1120 608; x_wconf 79' lang='lat' dir='ltr'>est</span> <span class='ocrx_word' id='word_1_145' title='bbox 1144 580 1177 608; x_wconf 74' lang='lat' dir='ltr'>et</span> <span class='ocrx_word' id='word_1_146' title='bbox 1200 574 1327 616; x_wconf 75' lang='lat' dir='ltr'>patriae</span> 
     </span>
     <span class='ocr_line' id='line_1_67' title="bbox 969 623 1375 666; baseline -0.002 -10"><span class='ocrx_word' id='word_1_147' title='bbox 969 623 1053 666; x_wconf 82' lang='lat' dir='ltr'>Lux,</span> <span class='ocrx_word' id='word_1_148' title='bbox 1082 624 1180 657; x_wconf 84' lang='lat' dir='ltr'>decus</span> <span class='ocrx_word' id='word_1_149' title='bbox 1206 627 1238 656; x_wconf 86' lang='lat' dir='ltr'>et</span> <span class='ocrx_word' id='word_1_150' title='bbox 1262 623 1375 665; x_wconf 87' lang='lat' dir='ltr'>gloria.</span> 
     </span>
    </p>
   </div>
   <div class='ocr_carea' id='block_1_38' title="bbox 921 690 1453 869">
    <p class='ocr_par' dir='ltr' id='par_1_42' title="bbox 924 690 1451 733">
     <span class='ocr_line' id='line_1_68' title="bbox 924 690 1451 733; baseline -0.006 -8"><span class='ocrx_word' id='word_1_151' title='bbox 924 691 1045 725; x_wconf 86' lang='lat' dir='ltr'>Christi</span> <span class='ocrx_word' id='word_1_152' title='bbox 1071 690 1219 733; x_wconf 84' lang='lat' dir='ltr'>fragrans</span> <span class='ocrx_word' id='word_1_153' title='bbox 1243 692 1278 723; x_wconf 91' lang='lat' dir='ltr'>in</span> <span class='ocrx_word' id='word_1_154' title='bbox 1296 698 1451 733; x_wconf 87' lang='lat' dir='ltr'>amorem,</span> 
     </span>
    </p>

    <p class='ocr_par' dir='ltr' id='par_1_43' title="bbox 921 740 1358 780">
     <span class='ocr_line' id='line_1_69' title="bbox 921 740 1358 780; baseline -0.005 -8"><span class='ocrx_word' id='word_1_155' title='bbox 921 740 1003 780; x_wconf 88' lang='lat' dir='ltr'>Ejus</span> <span class='ocrx_word' id='word_1_156' title='bbox 1030 740 1133 772; x_wconf 83' lang='lat' dir='ltr'>currit</span> <span class='ocrx_word' id='word_1_157' title='bbox 1155 741 1190 773; x_wconf 91' lang='lat' dir='ltr'>in</span> <span class='ocrx_word' id='word_1_158' title='bbox 1215 740 1358 780; x_wconf 88' lang='lat' dir='ltr'>odorem,</span> 
     </span>
    </p>

    <p class='ocr_par' dir='ltr' id='par_1_44' title="bbox 921 786 1453 869">
     <span class='ocr_line' id='line_1_70' title="bbox 921 786 1453 821; baseline -0.002 -1"><span class='ocrx_word' id='word_1_159' title='bbox 921 788 1040 820; x_wconf 80' lang='lat' dir='ltr'>Mundi</span> <span class='ocrx_word' id='word_1_160' title='bbox 1052 789 1190 821; x_wconf 87' lang='lat' dir='ltr'>mundus</span> <span class='ocrx_word' id='word_1_161' title='bbox 1201 786 1332 821; x_wconf 79' lang='lat' dir='ltr'>foedum</span> <span class='ocrx_word' id='word_1_162' title='bbox 1340 786 1453 820; x_wconf 83' lang='lat' dir='ltr'>florem</span> 
     </span>
     <span class='ocr_line' id='line_1_71' title="bbox 971 835 1352 869; baseline -0.003 -1"><span class='ocrx_word' id='word_1_163' title='bbox 971 835 1017 868; x_wconf 81' lang='lat' dir='ltr'>Et</span> <span class='ocrx_word' id='word_1_164' title='bbox 1041 844 1112 868; x_wconf 88' lang='lat' dir='ltr'>sese</span> <span class='ocrx_word' id='word_1_165' title='bbox 1137 836 1352 869; x_wconf 84' lang='lat' dir='ltr'>transsiliens.</span> 
     </span>
    </p>
   </div>
   <div class='ocr_carea' id='block_1_39' title="bbox 921 903 1428 1033">
    <p class='ocr_par' dir='ltr' id='par_1_45' title="bbox 921 903 1428 1033">
     <span class='ocr_line' id='line_1_72' title="bbox 924 903 1428 947; baseline -0.002 -12"><span class='ocrx_word' id='word_1_166' title='bbox 924 904 1050 943; x_wconf 88' lang='lat' dir='ltr'>Vivam,</span> <span class='ocrx_word' id='word_1_167' title='bbox 1077 906 1231 947; x_wconf 79' lang='lat' dir='ltr'>sanctam,</span> <span class='ocrx_word' id='word_1_168' title='bbox 1262 903 1428 935; x_wconf 75' lang='lat' dir='ltr'>innoxium</span> 
     </span>
     <span class='ocr_line' id='line_1_73' title="bbox 921 951 1357 992; baseline -0.005 -8"><span class='ocrx_word' id='word_1_169' title='bbox 921 951 992 984; x_wconf 86' lang='lat' dir='ltr'>Deo</span> <span class='ocrx_word' id='word_1_170' title='bbox 1011 952 1193 992; x_wconf 86' lang='lat' dir='ltr'>placentem</span> <span class='ocrx_word' id='word_1_171' title='bbox 1218 951 1357 984; x_wconf 84' lang='lat' dir='ltr'>hostiam</span> 
     </span>
     <span class='ocr_line' id='line_1_74' title="bbox 972 998 1339 1033; baseline -0.005 -1"><span class='ocrx_word' id='word_1_172' title='bbox 972 999 1015 1032; x_wconf 86' lang='lat' dir='ltr'>Se</span> <span class='ocrx_word' id='word_1_173' title='bbox 1039 1002 1141 1033; x_wconf 76' lang='lat' dir='ltr'>totum</span> <span class='ocrx_word' id='word_1_174' title='bbox 1167 998 1339 1032; x_wconf 81' lang='lat' dir='ltr'>sacrificat.</span> 
     </span>
    </p>
   </div>
   <div class='ocr_carea' id='block_1_40' title="bbox 922 1066 1428 1204">
    <p class='ocr_par' dir='ltr' id='par_1_46' title="bbox 922 1066 1428 1204">
     <span class='ocr_line' id='line_1_75' title="bbox 922 1066 1367 1100; baseline -0.004 0"><span class='ocrx_word' id='word_1_175' title='bbox 922 1067 995 1100; x_wconf 84' lang='lat' dir='ltr'>Non</span> <span class='ocrx_word' id='word_1_176' title='bbox 1021 1068 1056 1099; x_wconf 91' lang='lat' dir='ltr'>in</span> <span class='ocrx_word' id='word_1_177' title='bbox 1080 1069 1169 1100; x_wconf 86' lang='lat' dir='ltr'>terra</span> <span class='ocrx_word' id='word_1_178' title='bbox 1192 1069 1229 1098; x_wconf 84' lang='lat' dir='ltr'>ut</span> <span class='ocrx_word' id='word_1_179' title='bbox 1253 1066 1367 1099; x_wconf 90' lang='lat' dir='ltr'>loculis</span> 
     </span>
     <span class='ocr_line' id='line_1_76' title="bbox 927 1114 1333 1149; baseline -0.005 -1"><span class='ocrx_word' id='word_1_180' title='bbox 927 1115 1058 1149; x_wconf 84' lang='lat' dir='ltr'>Gelatus</span> <span class='ocrx_word' id='word_1_181' title='bbox 1084 1115 1142 1147; x_wconf 91' lang='lat' dir='ltr'>sed</span> <span class='ocrx_word' id='word_1_182' title='bbox 1168 1114 1333 1147; x_wconf 87' lang='lat' dir='ltr'>miraculis</span> 
     </span>
     <span class='ocr_line' id='line_1_77' title="bbox 975 1162 1428 1204; baseline -0.002 -8"><span class='ocrx_word' id='word_1_183' title='bbox 975 1162 1107 1196; x_wconf 85' lang='lat' dir='ltr'>Cunctis</span> <span class='ocrx_word' id='word_1_184' title='bbox 1131 1163 1240 1204; x_wconf 91' lang='lat' dir='ltr'>palam</span> <span class='ocrx_word' id='word_1_185' title='bbox 1265 1163 1428 1204; x_wconf 84' lang='lat' dir='ltr'>proditur.</span> 
     </span>
    </p>
   </div>
   <div class='ocr_carea' id='block_1_41' title="bbox 924 1230 1354 1417">
    <p class='ocr_par' dir='ltr' id='par_1_47' title="bbox 924 1230 1293 1368">
     <span class='ocr_line' id='line_1_78' title="bbox 924 1230 1256 1270; baseline -0.003 -7"><span class='ocrx_word' id='word_1_186' title='bbox 924 1230 1070 1264; x_wconf 81' lang='lat' dir='ltr'>Turbata</span> <span class='ocrx_word' id='word_1_187' title='bbox 1095 1231 1256 1270; x_wconf 80' lang='lat' dir='ltr'>solatium,</span> 
     </span>
     <span class='ocr_line' id='line_1_79' title="bbox 924 1277 1293 1320; baseline -0.005 -8"><span class='ocrx_word' id='word_1_188' title='bbox 924 1277 1058 1312; x_wconf 87' lang='lat' dir='ltr'>Infirma</span> <span class='ocrx_word' id='word_1_189' title='bbox 1082 1278 1293 1320; x_wconf 87' lang='lat' dir='ltr'>praesidium,</span> 
     </span>
     <span class='ocr_line' id='line_1_80' title="bbox 925 1327 1240 1368; baseline -0.003 -9"><span class='ocrx_word' id='word_1_190' title='bbox 925 1327 1046 1368; x_wconf 85' lang='lat' dir='ltr'>Ignara</span> <span class='ocrx_word' id='word_1_191' title='bbox 1072 1327 1240 1359; x_wconf 82' lang='lat' dir='ltr'>consilium</span> 
     </span>
    </p>

    <p class='ocr_par' dir='ltr' id='par_1_48' title="bbox 969 1374 1354 1417">
     <span class='ocr_line' id='line_1_81' title="bbox 969 1374 1354 1417; baseline 0.003 -10"><span class='ocrx_word' id='word_1_192' title='bbox 969 1375 1051 1416; x_wconf 81' lang='lat' dir='ltr'>EJ&#39;us</span> <span class='ocrx_word' id='word_1_193' title='bbox 1076 1383 1206 1416; x_wconf 88' lang='lat' dir='ltr'>semper</span> <span class='ocrx_word' id='word_1_194' title='bbox 1234 1374 1354 1417; x_wconf 79' lang='lat' dir='ltr'>flagita.</span> 
     </span>
    </p>
   </div>
   <div class='ocr_carea' id='block_1_42' title="bbox 921 1443 1318 1580">
    <p class='ocr_par' dir='ltr' id='par_1_49' title="bbox 921 1443 1318 1580">
     <span class='ocr_line' id='line_1_82' title="bbox 921 1443 1180 1476; baseline -0.004 0"><span class='ocrx_word' id='word_1_195' title='bbox 921 1443 973 1476; x_wconf 89' lang='lat' dir='ltr'>Ne</span> <span class='ocrx_word' id='word_1_196' title='bbox 996 1452 1067 1475; x_wconf 88' lang='lat' dir='ltr'>sors</span> <span class='ocrx_word' id='word_1_197' title='bbox 1092 1443 1180 1476; x_wconf 84' lang='lat' dir='ltr'>laeta</span> 
     </span>
     <span class='ocr_line' id='line_1_83' title="bbox 923 1491 1118 1532; baseline -0.005 -8"><span class='ocrx_word' id='word_1_198' title='bbox 923 1491 983 1524; x_wconf 90' lang='lat' dir='ltr'>Vel</span> <span class='ocrx_word' id='word_1_199' title='bbox 1008 1492 1118 1532; x_wconf 81' lang='lat' dir='ltr'>quiet-a</span> 
     </span>
     <span class='ocr_line' id='line_1_84' title="bbox 970 1540 1318 1580; baseline -0.006 -6"><span class='ocrx_word' id='word_1_200' title='bbox 970 1541 1139 1574; x_wconf 88' lang='lat' dir='ltr'>Incautam</span> <span class='ocrx_word' id='word_1_201' title='bbox 1166 1540 1318 1580; x_wconf 81' lang='lat' dir='ltr'>decipiat.</span> 
     </span>
    </p>
   </div>
   <div class='ocr_carea' id='block_1_43' title="bbox 920 1607 1342 1738">
    <p class='ocr_par' dir='ltr' id='par_1_50' title="bbox 920 1607 1342 1738">
     <span class='ocr_line' id='line_1_85' title="bbox 920 1607 1187 1641; baseline -0.004 0"><span class='ocrx_word' id='word_1_202' title='bbox 920 1608 971 1641; x_wconf 82' lang='lat' dir='ltr'>Ne</span> <span class='ocrx_word' id='word_1_203' title='bbox 996 1610 1029 1640; x_wconf 88' lang='lat' dir='ltr'>te</span> <span class='ocrx_word' id='word_1_204' title='bbox 1052 1607 1187 1641; x_wconf 80' lang='lat' dir='ltr'>flectant</span> 
     </span>
     <span class='ocr_line' id='line_1_86' title="bbox 921 1656 1184 1697; baseline 0.008 -10"><span class='ocrx_word' id='word_1_205' title='bbox 921 1656 982 1689; x_wconf 88' lang='lat' dir='ltr'>Vel</span> <span class='ocrx_word' id='word_1_206' title='bbox 1006 1656 1184 1697; x_wconf 80' lang='lat' dir='ltr'>innectant,</span> 
     </span>
     <span class='ocr_line' id='line_1_87' title="bbox 967 1704 1342 1738; baseline 0.005 -2"><span class='ocrx_word' id='word_1_207' title='bbox 967 1704 1111 1737; x_wconf 87' lang='lat' dir='ltr'>Vocetur</span> <span class='ocrx_word' id='word_1_208' title='bbox 1135 1704 1342 1738; x_wconf 78' lang='lat' dir='ltr'>Laurentius.</span> 
     </span>
    </p>
   </div>
   <div class='ocr_carea' id='block_1_44' title="bbox 917 1772 1437 1960">
    <p class='ocr_par' dir='ltr' id='par_1_51' title="bbox 917 1772 1437 1815">
     <span class='ocr_line' id='line_1_88' title="bbox 917 1772 1437 1815; baseline 0.004 -11"><span class='ocrx_word' id='word_1_209' title='bbox 917 1772 979 1812; x_wconf 85' lang='lat' dir='ltr'>Qui</span> <span class='ocrx_word' id='word_1_210' title='bbox 1002 1772 1165 1813; x_wconf 86' lang='lat' dir='ltr'>loquelam</span> <span class='ocrx_word' id='word_1_211' title='bbox 1190 1772 1303 1806; x_wconf 89' lang='lat' dir='ltr'>reddis</span> <span class='ocrx_word' id='word_1_212' title='bbox 1328 1774 1437 1815; x_wconf 88' lang='lat' dir='ltr'>mutis,</span> 
     </span>
    </p>

    <p class='ocr_par' dir='ltr' id='par_1_52' title="bbox 919 1820 1410 1864">
     <span class='ocr_line' id='line_1_89' title="bbox 919 1820 1410 1864; baseline 0.008 -13"><span class='ocrx_word' id='word_1_213' title='bbox 919 1820 1079 1852; x_wconf 88' lang='lat' dir='ltr'>Membris</span> <span class='ocrx_word' id='word_1_214' title='bbox 1104 1821 1205 1853; x_wconf 86' lang='lat' dir='ltr'>robur</span> <span class='ocrx_word' id='word_1_215' title='bbox 1231 1821 1410 1864; x_wconf 81' lang='lat' dir='ltr'>dissolutis,</span> 
     </span>
    </p>

    <p class='ocr_par' dir='ltr' id='par_1_53' title="bbox 920 1868 1325 1960">
     <span class='ocr_line' id='line_1_90' title="bbox 920 1868 1325 1909; baseline 0.005 -9"><span class='ocrx_word' id='word_1_216' title='bbox 920 1868 989 1901; x_wconf 88' lang='lat' dir='ltr'>Nos</span> <span class='ocrx_word' id='word_1_217' title='bbox 1014 1878 1034 1900; x_wconf 92' lang='lat' dir='ltr'>a</span> <span class='ocrx_word' id='word_1_218' title='bbox 1055 1869 1134 1909; x_wconf 87' lang='lat' dir='ltr'>jugo</span> <span class='ocrx_word' id='word_1_219' title='bbox 1159 1870 1325 1903; x_wconf 82' lang='lat' dir='ltr'>servitutis</span> 
     </span>
     <span class='ocr_line' id='line_1_91' title="bbox 994 1916 1318 1960; baseline 0.006 -11"><span class='ocrx_word' id='word_1_220' title='bbox 994 1916 1191 1951; x_wconf 79' lang='lat' dir='ltr'>Gehennalis</span> <span class='ocrx_word' id='word_1_221' title='bbox 1218 1919 1318 1960; x_wconf 86' lang='lat' dir='ltr'>eripe.</span> 
     </span>
    </p>
   </div>
   <div class='ocr_carea' id='block_1_45' title="bbox 812 1985 1451 2027">
    <p class='ocr_par' dir='ltr' id='par_1_54' title="bbox 812 1985 1451 2027">
     <span class='ocr_line' id='line_1_92' title="bbox 812 1985 1451 2027; baseline 0.002 -7"><span class='ocrx_word' id='word_1_222' title='bbox 812 1986 895 2020; x_wconf 73' lang='lat'>121).</span> <span class='ocrx_word' id='word_1_223' title='bbox 915 1985 984 2019; x_wconf 88' lang='lat' dir='ltr'>Nos</span> <span class='ocrx_word' id='word_1_224' title='bbox 1009 1985 1050 2018; x_wconf 92' lang='lat' dir='ltr'>ab</span> <span class='ocrx_word' id='word_1_225' title='bbox 1076 1986 1138 2019; x_wconf 88' lang='lat' dir='ltr'>hoc</span> <span class='ocrx_word' id='word_1_226' title='bbox 1162 1995 1300 2027; x_wconf 87' lang='lat' dir='ltr'>nequam</span> <span class='ocrx_word' id='word_1_227' title='bbox 1321 1988 1451 2021; x_wconf 88' lang='lat' dir='ltr'>saeculo</span> 
     </span>
    </p>
   </div>
   <div class='ocr_carea' id='block_1_46' title="bbox 918 2034 1375 2118">
    <p class='ocr_par' dir='ltr' id='par_1_55' title="bbox 918 2034 1375 2118">
     <span class='ocr_line' id='line_1_93' title="bbox 918 2034 1352 2075; baseline 0.005 -8"><span class='ocrx_word' id='word_1_228' title='bbox 918 2034 1018 2067; x_wconf 82' lang='lat' dir='ltr'>Sacro</span> <span class='ocrx_word' id='word_1_229' title='bbox 1044 2043 1179 2075; x_wconf 85' lang='lat' dir='ltr'>precum</span> <span class='ocrx_word' id='word_1_230' title='bbox 1202 2036 1352 2069; x_wconf 85' lang='lat' dir='ltr'>vehiculo</span> 
     </span>
     <span class='ocr_line' id='line_1_94' title="bbox 967 2081 1375 2118; baseline 0.007 -3"><span class='ocrx_word' id='word_1_231' title='bbox 967 2081 1125 2116; x_wconf 84' lang='lat' dir='ltr'>Transfer</span> <span class='ocrx_word' id='word_1_232' title='bbox 1145 2084 1189 2117; x_wconf 93' lang='lat' dir='ltr'>ad</span> <span class='ocrx_word' id='word_1_233' title='bbox 1213 2085 1375 2118; x_wconf 84' lang='lat' dir='ltr'>coelestia.</span> 
     </span>
    </p>
   </div>
   <div class='ocr_carea' id='block_1_47' title="bbox 479 2151 1054 2341">
    <p class='ocr_par' dir='ltr' id='par_1_56' title="bbox 479 2151 1054 2341">
     <span class='ocr_line' id='line_1_95' title="bbox 479 2151 986 2186; baseline 0.002 -2"><span class='ocrx_word' id='word_1_234' title='bbox 479 2152 535 2186; x_wconf 82' lang='lat'>13.</span> <span class='ocrx_word' id='word_1_235' title='bbox 562 2152 643 2185; x_wconf 82' lang='lat' dir='ltr'>Tuis</span> <span class='ocrx_word' id='word_1_236' title='bbox 666 2151 809 2185; x_wconf 85' lang='lat' dir='ltr'>intentos</span> <span class='ocrx_word' id='word_1_237' title='bbox 833 2152 986 2185; x_wconf 85' lang='lat' dir='ltr'>laudibus</span> 
     </span>
     <span class='ocr_line' id='line_1_96' title="bbox 564 2200 1054 2241; baseline 0.002 -9"><span class='ocrx_word' id='word_1_238' title='bbox 564 2200 632 2233; x_wconf 85' lang='lat' dir='ltr'>Nos</span> <span class='ocrx_word' id='word_1_239' title='bbox 659 2200 751 2234; x_wconf 87' lang='lat' dir='ltr'>salva</span> <span class='ocrx_word' id='word_1_240' title='bbox 773 2202 875 2234; x_wconf 90' lang='lat' dir='ltr'>sacris</span> <span class='ocrx_word' id='word_1_241' title='bbox 900 2200 1054 2241; x_wconf 86' lang='lat' dir='ltr'>precibus</span> 
     </span>
     <span class='ocr_line' id='line_1_97' title="bbox 561 2248 964 2284; baseline 0.005 -3"><span class='ocrx_word' id='word_1_242' title='bbox 561 2248 608 2282; x_wconf 81' lang='lat' dir='ltr'>Et</span> <span class='ocrx_word' id='word_1_243' title='bbox 630 2252 764 2283; x_wconf 84' lang='lat' dir='ltr'>ornatos</span> <span class='ocrx_word' id='word_1_244' title='bbox 787 2249 964 2284; x_wconf 81' lang='lat' dir='ltr'>virtutibus</span> 
     </span>
     <span class='ocr_line' id='line_1_98' title="bbox 564 2297 1014 2341; baseline 0.004 -10"><span class='ocrx_word' id='word_1_245' title='bbox 564 2297 734 2331; x_wconf 88' lang='lat' dir='ltr'>Coelorum</span> <span class='ocrx_word' id='word_1_246' title='bbox 753 2300 854 2341; x_wconf 85' lang='lat' dir='ltr'>junge</span> <span class='ocrx_word' id='word_1_247' title='bbox 881 2299 1014 2333; x_wconf 85' lang='lat' dir='ltr'>civibus.</span> 
     </span>
    </p>
   </div>
   <div class='ocr_carea' id='block_1_48' title="bbox 100 2384 1450 2463">
    <p class='ocr_par' dir='ltr' id='par_1_57' title="bbox 100 2384 1450 2463">
     <span class='ocr_line' id='line_1_99' title="bbox 182 2384 1450 2424; baseline 0.004 -10"><span class='ocrx_word' id='word_1_248' title='bbox 182 2384 271 2414; x_wconf 75' lang='lat' dir='ltr'>Grad.</span> <span class='ocrx_word' id='word_1_249' title='bbox 293 2395 347 2414; x_wconf 83' lang='lat' dir='ltr'>ms.</span> <span class='ocrx_word' id='word_1_250' title='bbox 368 2385 510 2424; x_wconf 86' lang='lat' dir='ltr'>Augense</span> <span class='ocrx_word' id='word_1_251' title='bbox 531 2394 609 2415; x_wconf 89' lang='lat' dir='ltr'>saec.</span> <span class='ocrx_word' id='word_1_252' title='bbox 634 2385 678 2415; x_wconf 85' lang='lat'>15.</span> <span class='ocrx_word' id='word_1_253' title='bbox 696 2385 767 2415; x_wconf 82' lang='lat' dir='ltr'>Ood.</span> <span class='ocrx_word' id='word_1_254' title='bbox 781 2386 994 2424; x_wconf 84' lang='lat' dir='ltr'>Rotomagens.</span> <span class='ocrx_word' id='word_1_255' title='bbox 1016 2384 1082 2417; x_wconf 77' lang='lat'>250.</span> <span class='ocrx_word' id='word_1_256' title='bbox 1103 2403 1140 2408; x_wconf 88' lang='lat'>—</span> <span class='ocrx_word' id='word_1_257' title='bbox 1164 2387 1199 2418; x_wconf 90' lang='grc'>10</span> <span class='ocrx_word' id='word_1_258' title='bbox 1207 2388 1235 2423; x_wconf 88' lang='lat' dir='ltr'>b,</span> <span class='ocrx_word' id='word_1_259' title='bbox 1257 2387 1275 2417; x_wconf 83' lang='lat'>2</span> <span class='ocrx_word' id='word_1_260' title='bbox 1295 2390 1450 2419; x_wconf 76' lang='lat' dir='ltr'>invectant</span> 
     </span>
     <span class='ocr_line' id='line_1_100' title="bbox 100 2423 558 2463; baseline 0.002 -10"><span class='ocrx_word' id='word_1_261' title='bbox 100 2424 156 2454; x_wconf 87' lang='lat' dir='ltr'>Hs.</span> <span class='ocrx_word' id='word_1_262' title='bbox 181 2441 217 2446; x_wconf 76' lang='lat'>-</span> <span class='ocrx_word' id='word_1_263' title='bbox 242 2423 277 2454; x_wconf 85' lang='lat'>11</span> <span class='ocrx_word' id='word_1_264' title='bbox 286 2425 314 2461; x_wconf 87' lang='lat' dir='ltr'>b,</span> <span class='ocrx_word' id='word_1_265' title='bbox 335 2424 356 2454; x_wconf 87' lang='lat'>4</span> <span class='ocrx_word' id='word_1_266' title='bbox 376 2427 481 2463; x_wconf 80' lang='lat' dir='ltr'>excipe</span> <span class='ocrx_word' id='word_1_267' title='bbox 502 2426 558 2455; x_wconf 88' lang='lat' dir='ltr'>Hs.</span> 
     </span>
    </p>
   </div>
  </div>
 </body>
</html>
