1652 2678
284 209 341 241 (ia.

284 412 341 445 72..

282 566 338 598 Sa.

281 770 338 802 92..

192 1042 198 1045 ⁸
255 1067 334 1100 102..

255 1368 297 1401 11
307 1375 335 1399 a.

253 1667 296 1701 12
305 1676 333 1700 a.

252 1969 334 2002 13a.

253 2268 334 2301 14a.

367 207 444 251 Fili,
472 208 585 241 dulcor
604 209 709 250 unice,

415 257 588 297 singulare
610 258 773 298 gaudium,

366 304 508 337 Matrem
533 303 663 337 flentem
689 305 816 346 respice

416 352 594 386 Gonferens
614 353 775 385 solatium.

367 410 446 443 Flos
471 412 597 451 florum,

366 458 443 491 Dux
467 467 602 499 morum,

413 507 536 538 Veniae
561 514 654 546 vena,

367 564 392 597 O
419 573 515 604 quam
539 572 612 596 sero
640 563 779 604 deditus,

412 612 512 652 Quam
539 612 601 644 cito
624 620 677 643 me
702 612 836 648 deseris,

363 660 388 693 O
416 669 510 700 quam
533 660 630 700 digne
654 660 791 701 genitus,

411 709 512 748 Quam
538 708 666 748 abjecte
689 708 835 741 moreris.

364 766 442 807 Fili,
470 766 584 799 dulcor
609 767 746 808 animae,

410 814 539 855 respice
562 818 771 856 moerentem,

365 863 451 895 Vide
475 865 613 895 matrem
635 864 786 896 miseram

411 920 516 952 paene
540 912 741 953 morientem,

363 959 450 992 Dum
475 960 568 993 videt
589 963 656 992 tam
681 961 823 1001 turpiter

409 1013 443 1041 te
470 1017 565 1041 cruce
589 1008 796 1049 pendentem.

363 1067 402 1099 In
426 1075 499 1099 sero
525 1066 675 1098 recubuit

409 1124 509 1155 supra
532 1118 623 1147 tuum
647 1118 762 1155 pectus

359 1162 405 1194 Et
429 1172 516 1195 nunc
539 1163 587 1196 ita
613 1167 759 1196 remanet

409 1212 508 1244 miser
534 1215 567 1243 et
591 1211 748 1253 abjectuS,

362 1260 472 1300 Patre,
499 1258 612 1300 fratre,
644 1260 773 1292 domino

410 1308 558 1348 privatur
585 1308 731 1341 dilectus.

362 1365 430 1399 Ubi
455 1375 533 1406 grex
559 1364 733 1400 amabilis?

410 1415 498 1446 solus
524 1414 578 1446 hic
602 1414 757 1447 remansit

361 1463 470 1503 Atque
495 1466 551 1495 tua
569 1463 704 1495 vulnera

410 1511 498 1543 solus
523 1520 648 1543 mecum
672 1510 811 1552 planxit,

362 1559 450 1592 Tuus
477 1560 570 1592 dolor
594 1560 701 1600 potius

433 1608 520 1648 piam
544 1611 683 1640 mentem
709 1606 836 1640 transit.

360 1667 545 1708 Consolare,
572 1667 723 1708 genitrix,

409 1717 442 1746 et
466 1715 570 1756 sileto,
597 1716 660 1747 mei

361 1763 461 1803 Quem
488 1764 675 1797 damnatum
702 1762 862 1803 conspicis

407 1821 494 1845 nunc
518 1813 552 1845 in
577 1811 684 1845 forma
708 1813 766 1853 rei,

362 1861 447 1893 Vere
470 1862 556 1894 nosti
577 1860 681 1894 filium

407 1918 519 1942 verum
545 1919 616 1943 esse
640 1910 713 1944 Dei.

361 1968 411 2000 Mi
436 1969 612 2010 Johannes,
639 1969 779 2010 qualiter

407 2025 539 2057 possum
565 2018 737 2058 consolari,

356 2064 443 2097 Dum
467 2064 584 2098 infelix
609 2066 734 2099 orbitor

408 2114 531 2146 lumine
555 2114 656 2147 solari

358 2161 405 2193 Et
428 2162 476 2194 sic
500 2165 625 2195 tantum
650 2162 824 2195 Dominum

408 2210 505 2243 video
530 2211 670 2243 necari?

361 2267 495 2301 Utinam
520 2270 567 2301 sic
593 2269 730 2310 doleam,

360 2317 452 2355 Quod
480 2318 592 2350 dolore
615 2326 758 2359 peream,

409 2364 493 2397 Nam
518 2366 592 2406 plus
617 2369 667 2398 est
690 2365 795 2399 dolori

409 2413 485 2446 Sine
510 2418 614 2447 morte
638 2407 723 2447 mo'ri

455 2462 557 2502 Quam
585 2463 694 2503 perire
720 2462 823 2495 citius

983 207 1043 239 6b.

984 408 1042 442 7b.

982 563 1041 597 8b.

982 765 1041 801 9b.

963 1065 1044 1100 10b.

954 1365 1038 1399 11b.

954 1666 1038 1700 121).

954 1968 1037 2002 131).

954 2269 1037 2304 14b.

1065 207 1193 246 Pectus,
1219 207 1371 245 mentem,
1398 203 1523 237 lumina

1112 254 1280 294 Torquent
1302 255 1361 285 tua
1385 252 1531 292 vulnera,

1068 302 1157 342 Quae
1181 303 1296 341 mater,
1324 309 1405 342 quae
1431 298 1554 332 femina

1116 350 1197 382 Tam
1222 347 1350 391 infelix,
1376 351 1444 382 tam
1470 348 1602 381 misera.

1066 409 1167 449 Quam
1192 407 1301 449 gravis

1066 457 1105 489 In
1132 457 1232 489 clavis

1113 504 1177 537 Est
1200 503 1261 537 tibi
1284 512 1401 543 poena.

1067 563 1092 596 Ο
1120 563 1191 603 quis
1217 570 1308 595 amor
1338 561 1483 601 corporis

1113 611 1189 643 Tibi
1213 609 1294 643 feeit
1318 610 1434 650 spolia,

1066 659 1091 693 Ο
1118 669 1214 701 quam
1242 658 1346 691 dulcis
1373 658 1518 699 pignoris

1114 708 1215 748 Quam
1240 716 1352 739 amara
1375 707 1530 747 praemia.

1063 765 1140 806 Fili,
1169 766 1284 799 dulcor
1308 765 1413 805 unice,

1115 815 1245 855 respice
1268 817 1438 854 parentem

1065 863 1110 895 Et
1135 863 1212 895 vide
1239 862 1431 902 discipulum

1110 912 1178 952 jam
1204 909 1418 952 deficientem,

1063 959 1150 992 Dum
1177 961 1266 993 videt
1288 963 1322 991 te
1346 959 1519 992 Dominum

1112 1018 1206 1041 suum
1231 1008 1431 1041 morientem.

1068 1066 1134 1100 Ubi
1160 1076 1240 1108 grex
1266 1064 1439 1098 amabilis?

1112 1124 1222 1148 omnes
1249 1111 1479 1159 [au]fugerunt

1064 1161 1110 1195 Et
1134 1164 1252 1196 timore
1276 1164 1417 1196 maximo

1111 1210 1224 1244 furtim
1250 1211 1411 1252 abierunt,

1063 1259 1111 1291 Te
1135 1261 1239 1292 solum
1264 1259 1411 1299 patibulo

1113 1309 1217 1341 erucis
1245 1308 1458 1348 reliquerunt.

1065 1365 1250 1407 Consolare,
1279 1365 1409 1398 domina

1109 1415 1213 1456 magis
1240 1417 1271 1446 et
1297 1414 1419 1455 regina,

1064 1462 1129 1496 Cur
1153 1471 1301 1496 moerore
1327 1461 1450 1504 deficis,

1110 1512 1207 1544 stella
1230 1511 1400 1552 matutina,

1060 1560 1148 1592 Tuus
1173 1560 1262 1593 levat
1285 1558 1370 1592 filius

1108 1609 1262 1641 mundum
1287 1617 1307 1640 a
1331 1608 1435 1640 ruina.

1059 1666 1161 1699 Dolet
1185 1672 1258 1699 tuus
1283 1665 1371 1698 filius

1110 1716 1211 1756 magis
1236 1719 1270 1747 te
1297 1715 1437 1756 dolente,

1063 1763 1198 1797 Sursum
1222 1763 1311 1796 tollit
1333 1763 1457 1796 lumina

1110 1816 1143 1844 te
1167 1812 1364 1854 respiciente

1062 1862 1107 1895 Et
1131 1861 1274 1894 intendit
1297 1861 1434 1902 gemitus

1110 1914 1219 1943 tantos
1243 1914 1278 1942 te
1302 1913 1460 1951 gemente.

1062 1969 1097 2002 Si
1124 1970 1268 2002 dolerem
1294 1968 1388 2009 adeo,

1109 2018 1196 2059 quod
1224 2016 1377 2050 deberem
1403 2017 1497 2058 mori,

1059 2066 1131 2099 Nec
1155 2066 1204 2099 sic
1227 2074 1299 2099 meo
1325 2065 1455 2106 penitus

1108 2124 1280 2156 parcerem
1304 2115 1354 2147 sic
1381 2114 1442 2155 ori,

1061 2163 1133 2196 Nec
1156 2165 1208 2206 do,
1236 2167 1359 2206 quanta
1384 2163 1499 2206 debeo,

1135 2213 1281 2246 carmina
1304 2213 1419 2246 dolori.

1059 2271 1166 2304 Detur
1190 2280 1277 2305 nunc
1299 2271 1538 2304 moestissimae

1062 2320 1188 2361 Corpus
1216 2320 1269 2353 vel
1296 2319 1454 2360 exanime,

1109 2368 1155 2402 Ut
1181 2369 1230 2401 sic
1250 2366 1430 2401 minoratus

1110 2416 1223 2449 Cesset
1248 2416 1409 2450 cruciatus

1159 2464 1296 2505 Oscufis,
1324 2463 1541 2504 amplexibus.
