1652 2678
753 116 1017 154 —321—

234 212 294 247 73.
319 212 446 246 Rumor
475 212 584 246 choris
611 214 669 247 dat
693 215 853 258 choream,

319 260 504 303 Navigatur
533 262 708 304 Basileam,

319 309 405 342 Dum
427 312 657 343 transcurrunt
670 312 758 353 apud
772 320 853 354 eam,

370 357 475 391 Statio
500 357 539 391 fit
566 359 707 393 navium.

234 430 292 464 83.
320 430 397 464 Jam
423 430 548 463 ditatur
574 431 678 472 Ophir
703 441 781 465 auro

370 478 492 511 Classis
518 478 732 522 Salomonica,

318 525 420 559 Redit
445 529 536 560 tanto
563 536 636 560 cum
661 529 825 572 thesauro,

369 574 500 608 Gaudet
523 576 602 608 urbs
627 576 775 618 pacifica,

231 646 290 681 93.
319 646 406 679 Gens
415 647 620 690 Hunnorum,
639 657 717 689 gens
726 649 851 691 lupina,

320 694 409 728 Gens
435 694 538 737 ferox,
565 705 644 737 gens
669 697 810 738 leonina,

316 742 391 776 Jam
418 744 603 776 discurrens
629 745 814 786 Agrippina

367 791 523 824 Cinxerat
547 792 654 825 ovilia.

203 862 287 896 103.
316 861 406 895 Grex
431 864 532 896 cossis
558 873 630 897 cuni
655 863 797 897 foetibus

364 910 520 944 Gemellis
545 915 706 954 raptatur,

313 958 483 992 Lictorum
508 961 717 993 mucronibus

357 1007 492 1040 Lictore
514 1009 657 1052 lictatur,

312 1054 387 1088 Non
413 1055 491 1099 fuga
516 1066 577 1089 nec
598 1057 751 1098 precibus

364 1103 435 1136 Nec
460 1105 493 1138 vi
518 1106 708 1138 reluctatur.

202 1173 284 1208 113.
311 1174 503 1208 Exstinctas
528 1178 579 1209 tot
603 1177 689 1209 acies

359 1223 514 1265 Sequitur
538 1225 662 1265 regina,

308 1271 389 1305 Visa
413 1281 489 1305 rosa
513 1272 621 1305 rabies

354 1320 512 1353 Mutescit
536 1320 653 1365 ferina,

307 1367 431 1401 Vernat
455 1367 545 1401 floris
572 1369 708 1410 specieS,

354 1417 557 1450 Obmutescit
582 1418 687 1459 spina,

305 1464 478 1506 Supplicat
502 1465 682 1505 barbaries,

353 1513 401 1547 Ut
424 1514 468 1546 sit
495 1514 685 1548 concubina.

195 1580 278 1615 12a.
307 1581 385 1615 Sola
409 1581 547 1623 latebas,
574 1582 730 1624 Cordula,

353 1629 496 1662 Mortem
521 1631 783 1675 procrastinasti‚

305 1678 412 1711 Tanto
437 1679 543 1718 major
567 1688 628 1719 per
652 1680 783 1713 saecula

354 1726 514 1759 Triticum
539 1727 760 1768 triumphasti.

193 1794 277 1829 133.
306 1794 331 1828 Ο
357 1803 482 1827 messor
504 1804 600 1836 quam
617 1794 686 1828 falx
702 1797 840 1838 aemula,

353 1843 474 1876 Messis
500 1853 597 1884 quam
622 1843 800 1887 fructuosa,

301 1891 403 1925 Dives
429 1901 517 1934 ager,
545 1901 607 1933 quo
633 1893 756 1933 stipula

351 1942 447 1976 Jacet
472 1943 539 1974 tam
565 1941 720 1982 pretiosa.

189 2009 273 2044 143.
302 2008 409 2051 Salve,
437 2009 594 2042 bellatrix
620 2010 752 2052 Ursula,

349 2058 483 2100 Martyr
506 2058 713 2102 imperativa,

302 2106 446 2141 Cordata
471 2107 562 2140 salve
588 2108 742 2149 Cordula,

347 2156 533 2197 Martyrum
562 2156 785 2198 subjunctiva3

188 2224 272 2259 15a.
298 2225 443 2258 Laetare
465 2225 545 2265 jam,
572 2224 755 2265 Britannia,

347 2273 437 2314 Quae
462 2274 593 2314 plantas
618 2274 796 2317 protulisti,

294 2323 371 2358 Jam
395 2322 519 2364 plaude
538 2325 585 2366 tu,
614 2322 800 2366 Germania,

344 2372 433 2413 Quae
458 2372 560 2404 vitam
586 2372 792 2408 transtulisti.

240 2432 370 2461 Dreves‚
386 2431 535 2460 Sequentiae
549 2430 670 2456 Ineditae.
699 2432 745 2456 111.

938 215 999 251 Vb.
1022 217 1122 250 Petro
1145 215 1250 247 Paulo
1275 214 1426 257 visitatis,

1025 263 1153 297 Sanctis
1178 262 1242 294 rite
1266 262 1484 308 perlustratis,

1022 313 1115 353 Papa
1141 311 1244 343 Roma
1268 311 1417 344 salutatis

1070 361 1256 393 Recurrunt
1280 359 1323 392 ad
1348 359 1506 392 bravium.

939 432 998 467 8b.
1022 433 1129 466 Tanta
1152 440 1258 464 messe
1279 432 1348 472 Jam
1372 434 1499 463 matura

1070 481 1291 520 Praeparatur
1316 480 1477 520 horreum,

1023 529 1157 563 Falcem
1181 532 1279 569 parat
1303 536 1381 569 gens
1405 536 1551 561 messura

1071 577 1229 610 Triticum
1255 576 1445 617 virgineum.

941 649 999 683 9b.
1020 648 1122 682 Venit
1147 649 1261 681 classis
1288 658 1360 681 cum
1385 648 1506 689 regina,

1025 697 1147 730 Cohors
1172 697 1232 729 illa
1258 696 1441 729 columbina

1021 744 1151 779 Praeda
1174 744 1213 777 fit
1237 745 1443 786 ancipitrina,

1072 793 1229 828 convolat
1252 794 1287 826 in
1312 793 1405 825 retia.

914 864 998 899 10b.
1023 866 1153 900 Crimen
1180 867 1250 897 erat
1273 865 1369 897 violis

1066 913 1165 947 Nolle
1192 913 1319 954 violari,

1018 961 1194 1003 Ligustr'1s‚
1220 961 1332 993 liliolis

1066 1009 1164 1042 Nolle
1191 1007 1351 1050 deflorari,

1018 1057 1215 1091 Orthodoxis
1241 1057 1338 1089 idolis

1066 1105 1164 1138 Nolle
1189 1104 1365 1146 subjugari.

908 1177 993 1211 111).
1016 1178 1189 1219 Tyrannus
1215 1177 1390 1217 respuitur,

1064 1226 1164 1265 Virgo
1189 1225 1373 1265 sagittatur,

1016 1273 1137 1306 Lilium
1162 1273 1352 1314 succiditur,

1062 1322 1152 1355 Rosa
1178 1323 1375 1360 cruentatur,

1012 1370 1131 1402 Mortis
1157 1367 1203 1401 fel
1229 1368 1380 1407 ebibitur,

1060 1418 1179 1451 Totum
1203 1419 1454 1458 consummatur,

1012 1464 1128 1499 Flatus
1156 1465 1245 1498 coelo
1270 1465 1431 1505 redditur,

1061 1515 1165 1547 Terra
1189 1517 1299 1546 terrae
1325 1514 1431 1549 datur.

903 1583 949 1617 12
957 1582 992 1619 b.
1012 1582 1178 1616 Divinitas
1205 1581 1382 1622 perterrita

1063 1631 1150 1664 Gens
1175 1630 1318 1663 barbara
1342 1628 1487 1671 fugatur,

1011 1679 1100 1713 Urbs
1125 1678 1285 1711 liberatur
1309 1678 1434 1719 inclita,

1061 1727 1148 1761 Gens
1177 1729 1359 1768 martyrum
1382 1726 1548 1759 humatur.

903 1796 989 1831 131).
1013 1796 1039 1830 Ο
1066 1795 1167 1828 vestis
1193 1794 1315 1835 absque
1337 1794 1474 1834 macula,

1059 1844 1187 1885 Sponsa
1212 1852 1307 1883 quam
1333 1843 1491 1884 gloriosa,

1011 1893 1096 1933 Quot
1120 1891 1249 1932 gaudia,
1276 1894 1355 1932 quot
1379 1892 1495 1924 oscula

1057 1940 1180 1974 Dilecti
1206 1949 1278 1972 cum
1302 1939 1455 1974 formosa.

899 2010 983 2045 1410.
1007 2010 1085 2050 Quis
1110 2009 1242 2042 nomina
1265 2017 1326 2049 per
1351 2008 1479 2049 singula

1055 2058 1231 2091 Discurrat
1255 2055 1404 2098 fugitiva,

1009 2108 1107 2142 Coelo
1132 2106 1247 2139 vivunt
1271 2106 1305 2138 in
1331 2106 1472 2146 saecula,

1056 2157 1153 2191 Stans
1178 2155 1250 2187 laus
1275 2154 1497 2189 intransitiva.

896 2225 982 2261 15b.
1005 2224 1176 2266 Tripudia,
1204 2223 1349 2267 Colonia,

1054 2274 1142 2314 Quae
1166 2271 1263 2306 flores
1290 2272 1461 2314 collegisti,

1005 2323 1089 2356 Nam
1110 2321 1256 2364 jubilant
1280 2321 1434 2354 coelestia

1051 2372 1104 2405 De
1128 2374 1219 2404 tanto
1246 2369 1355 2403 fructu
1382 2370 1517 2407 Christi,

1324 2426 1361 2457 21
