1652 2678
691 98 955 133 —240—

155 203 211 234 2a.
238 200 331 232 Haec
356 202 405 231 est
428 200 485 231 lux
509 196 730 236 mundissima,

234 247 275 279 1n
299 246 408 279 fructu
434 246 608 279 centesima.

285 296 385 335 Quam
409 295 503 327 luxus
528 302 593 326 non
617 291 753 332 polluit3

151 354 210 387 3a.
237 354 310 386 Lux
336 355 384 385 est
411 349 679 389 communissima,

237 400 365 433 Christo
393 398 611 437 devotissima,

284 448 408 481 Cuncta
428 456 487 479 sua
511 445 646 484 tribuit3

158 508 215 540 4a.
242 505 315 538 Lux
344 507 394 536 est
417 501 677 544 flagrantissima,

235 554 274 586 In
300 561 395 593 quam
422 550 671 589 fervent-issima,

281 600 430 632 Flamma
452 608 518 632 non
542 598 736 639 praevaluit,

153 661 208 693 5a.
236 658 308 690 Jam
334 657 492 698 patebant
516 656 643 689 viscera

232 706 295 738 Per
319 706 413 738 illata
437 706 573 738 vulnera

282 754 327 787 Et
351 752 451 787 fidem
476 762 540 785 non
563 751 674 791 tacuit,

149 816 204 848 Ga.
233 812 403 845 Revelavit
428 811 551 851 abdita,

232 861 323 901 Quod
348 863 434 892 esset
457 869 523 900 pax
547 858 680 890 reddita

275 909 400 941 Electis
427 907 564 949 aperuit,

149 970 168 1002 ’7
182 976 210 1001 a.
237 966 337 1007 Ergo,
362 967 472 999 lumen
495 964 663 1004 luminum,

233 1014 454 1055 Deprecemur
478 1012 662 1052 Dominum,

280 1063 340 1103 Qui
361 1063 466 1094 lucem
491 1062 575 1094 hanc
598 1060 760 1102 praebuit,

848 193 908 228 2b.
929 193 1021 225 Haec
1047 194 1097 223 est
1121 191 1178 222 lux
1203 188 1401 231 gratissima,

933 241 1022 280 Quae
1046 238 1193 280 parentis
1218 237 1337 270 intima

978 289 1009 320 A
1033 285 1124 319 fluxu
1148 285 1355 327 compescuit.

848 346 906 381 3b.
933 345 1007 378 Lux
1034 347 1084 377 est,
1107 343 1322 384 nobilissima,

932 393 1034 433 Quam
1059 402 1113 425 ars
1140 395 1174 424 et
1197 392 1247 425 vis
1272 391 1415 432 plurima

978 441 1115 474 Movere
1140 450 1205 473 non
1229 439 1348 480 potuit.

844 500 905 534 4b.
929 499 1021 531 Haec
1046 499 1081 531 in
1106 507 1186 531 sexu
1211 497 1321 539 fragili

929 547 1015 581 Fide
1040 555 1169 587 semper
1193 545 1304 579 stabili

979 596 1145 629 Christum
1168 605 1235 628 non
1261 594 1417 631 deseruit,

847 655 906 689 5b.
933 653 1071 686 Gentem
1097 654 1176 686 vicit
1200 651 1371 696 perfidam,

930 702 1063 735 Plebem
1090 701 1174 735 fovit
1195 701 1344 734 timidam

976 752 1027 783 Ac
1051 751 1086 783 in
1111 749 1179 783 fide
1203 749 1317 782 tenuit.

846 809 904 843 6b.
928 808 982 841 Sic
1008 817 1116 841 coram
1141 807 1294 842 fidelibus

930 856 1031 890 Sacra
1056 857 1120 889 sibi
1147 855 1299 889 dantibus

976 905 1051 938 Lux
1074 906 1139 937 ista
1165 904 1325 939 occubuit.

846 964 905 997 ¹?b.
928 962 1020 995 Dare
1043 962 1137 995 nobis
1164 962 1334 995 criminum

941 1011 1078 1043 Veniam
1105 1013 1138 1043 et
1161 1011 1336 1043 terminum

974 1060 1075 1100 Quem
1099 1060 1158 1092 lux
1182 1060 1264 1092 haec
1288 1059 1435 1094 obtinuit.

222 1148 306 1176 Miss.
334 1157 387 1176 ms.
409 1148 601 1176 Bisuntinum
621 1154 698 1174 saec.
725 1145 771 1174 15.
793 1145 863 1174 Cod.
883 1145 1034 1173 Bisuntin.
1057 1144 1103 1173 74.
1124 1146 1160 1174 A.
1188 1162 1226 1166 —
1253 1145 1338 1173 Miss.
1359 1154 1413 1174 ms.
1435 1146 1487 1174 Bi-

156 1188 304 1216 :uminum
324 1195 401 1215 saec.
424 1185 469 1214 15.
485 1186 555 1214 Cod.
569 1186 719 1213 Bisunffin.
739 1184 787 1212 77.
802 1185 837 1213 Β.
858 1199 895 1204 —-
916 1182 968 1218 6b‚
993 1182 1007 1211 1
1023 1184 1075 1213 Sic
1089 1193 1230 1213 coronam
1244 1183 1382 1212 fidelibus
1396 1185 1432 1212 A.
1446 1201 1487 1205 —-

150 1227 203 1259 717,
226 1223 243 1243 ⁹
264 1227 384 1253 veniam
403 1225 479 1253 fehlt
497 1225 532 1252 A.
554 1238 592 1243 —
613 1223 665 1259 7b,
686 1221 705 1251 3
725 1224 800 1252 haec
818 1223 894 1252 fehlt
913 1223 948 1250 A.

585 1364 645 1397 318.
687 1365 731 1397 De
751 1365 860 1397 sancto
882 1363 1048 1396 Ludovico.

151 1450 207 1483 la.
234 1447 289 1479 Ad
315 1447 465 1479 honorem
493 1447 609 1479 summi
634 1446 720 1487 regis

234 1497 475 1536 Fervoremque
498 1497 630 1528 nostrae
655 1495 735 1535 legis

231 1543 276 1576 Et
303 1544 467 1576 doctorem
493 1543 614 1577 Christi
638 1543 745 1585 gregis

278 1592 403 1626 Jubilet
429 1591 575 1632 ecclesia,

147 1653 206 1686 2a.
231 1650 285 1683 Ex
308 1651 411 1691 regali
435 1650 540 1691 stirpe
564 1652 660 1681 natus

230 1699 430 1731 Adolescens
455 1698 526 1731 Deo
551 1700 662 1738 gratus

234 1747 404 1788 Promptus
431 1746 494 1779 fuit
517 1749 550 1779 et
572 1748 707 1786 paratus

278 1796 477 1836 Propulsare
501 1794 592 1836 vitia,

148 1856 206 1888 3a.
233 1853 298 1885 Hic
322 1862 381 1886 rex
406 1854 640 1896 religiosorum,

230 1901 475 1942 Monacharum,
505 1901 734 1935 monachorum

231 1950 302 1982 Nec
324 1960 390 1983 non
415 1954 447 1983 et
472 1951 700 1983 canonicorum

276 1998 444 2033 Fundavit,
469 1998 633 2032 coenobia.

149 2058 205 2091 4a.
231 2057 271 2089 In
294 2057 442 2097 partibus
468 2056 679 2096 transalpinis

230 2104 301 2136 Nec
325 2114 389 2137 non
415 2109 448 2137 et
471 2106 505 2138 in
529 2104 755 2137 transmarinis

231 2153 424 2186 Christianis
445 2152 627 2194 peregrinis

278 2201 362 2233 Auri
388 2202 480 2234 dedit
506 2201 607 2234 milia.

151 2261 207 2292 5a.
234 2259 405 2291 Recedunt
428 2259 633 2292 infirmitates

229 2306 275 2338 Et
299 2308 460 2340 accedunt
484 2307 650 2349 sanitates,

231 2354 294 2387 Per
317 2358 474 2396 tempora,
500 2365 561 2396 per
584 2357 707 2387 aetates

280 2403 405 2437 Crescit
429 2406 532 2437 sancti
558 2403 673 2444 gratia.

845 1446 904 1480 lb.
928 1443 1031 1478 Festa
1056 1446 1142 1487 regis
1167 1446 1339 1489 Ludovici‚

928 1494 1022 1527 Servi
1046 1494 1110 1527 Dei
1137 1498 1170 1527 et
1191 1495 1296 1539 amici,

928 1542 1006 1574 Plus
1033 1552 1129 1583 quam
1152 1552 1209 1576 ore
1234 1543 1340 1584 possit,
1365 1543 1443 1584 dici,

976 1591 1174 1624 Solemnizet
1197 1591 1352 1625 Francia.

843 1649 904 1683 2b.
927 1649 974 1681 Et,
998 1649 1136 1682 virtutes
1158 1658 1337 1692 aggregare

927 1697 1174 1739 oppressosque
1198 1699 1348 1731 relevare

927 1746 973 1778 Et
998 1747 1107 1787 egenis
1133 1746 1299 1780 fabricare

978 1794 1082 1828 Grata
1105 1796 1320 1829 xenodochia.

844 1853 903 1887 3b.
925 1852 990 1885 Hic
1013 1851 1134 1886 fratres
1158 1854 1405 1895 praedicatores

927 1900 1123 1935 Sublimavit
1148 1906 1180 1935 et
1204 1902 1357 1943 minores,

928 1951 991 1983 Per
1017 1960 1095 1991 quos
1121 1951 1215 1984 nobis
1241 1954 1357 1991 patent
1379 1950 1471 1985 fores

977 1999 1033 2032 Ad
1059 2000 1141 2031 coeli
1163 2000 1299 2040 palatia.

843 2056 905 2091 4b.
926 2057 957 2088 A
981 2058 1116 2098 paganis
1142 2060 1318 2099 coartatur,

928 2105 1104 2139 Custodiae
1128 2108 1345 2148 mancipatur,

929 2153 1000 2185 Nec
1024 2158 1126 2197 caret,
1152 2156 1237 2188 sicut
1258 2155 1431 2200 probatur,

976 2202 1131 2244 Martyrii
1156 2205 1270 2245 gloria.

844 2259 902 2292 5b.
926 2259 979 2291 En
1006 2262 1093 2293 caeci
1118 2262 1354 2304 illuminantur,

927 2308 1107 2349 Paralytici
1133 2314 1289 2343 curantur

925 2355 973 2387 Et
999 2356 1146 2390 defuncti
1168 2358 1367 2393 suscitantur

977 2405 1042 2437 Per
1067 2406 1136 2446 eJus
1162 2406 1326 2447 suffragia.
