1652 2678
694 53 956 89 —206—

524 151 590 182 277.
630 149 675 182 De
695 156 719 179 S.
740 147 885 180 Johanne
906 143 1129 185 Evangelista.

567 223 598 256 1.
627 220 723 254 Clare
749 221 937 251 cunctorum

627 271 799 300 concentus
824 265 1093 306 presbyterorum

628 316 757 349 Christo
782 314 852 354 regi
876 314 1026 354 polorum

625 362 811 404 psallatque
836 364 1008 400 terrarum,

162 436 220 469 Za.
248 435 308 475 Qui
332 433 599 475 protoplaustum,
860 429 920 463 2b.
944 427 1044 460 Nec-is
1071 430 1223 460 aeternae

247 482 408 522 serpentis
434 479 550 513 fraude
945 476 1113 530 dolescens
1139 476 1271 509 modum

246 532 442 571 superatum,
943 524 1131 566 incurrisse,

163 600 222 633 3a.
247 597 401 638 Virginea
427 603 575 637 egressus
862 592 923 628 3b.
945 592 990 626 Et
1015 593 1180 626 hominem
1207 592 1318 625 dixino

249 645 325 678 aula
347 644 490 684 disrupit
944 642 1013 682 Jam
1038 641 1126 674 vitae
1153 642 1266 674 datum

252 694 344 726 dirae
368 692 482 725 mortis
507 690 638 724 vincula
947 690 1119 731 insignivit
1141 688 1281 722 flamine.

167 763 229 796 4a.
254 761 308 793 Ex
331 769 394 802 quo
419 760 472 792 sui
494 759 621 792 viscera
863 759 925 792 4b.
945 758 991 791 Ut
1017 758 1147 799 populis
1175 757 1314 799 mystica

251 810 361 841 dilecti
950 806 1092 838 credulis

251 857 416 898 supplevit
443 855 612 895 Johannis,
947 858 1078 896 promat
1104 853 1235 887 famina.

168 929 227 961 52,
254 926 381 965 stoque,
413 924 504 965 virgo
528 924 707 965 praecelse,
872 921 931 956 5b.
957 922 1003 955 Et
1028 922 1146 955 horrea
1169 921 1344 961 multiplici

253 973 428 1015 Johannes,
457 972 590 1004 edoctus
616 980 710 1005 sacra
957 970 1039 1003 coeli
1065 968 1175 1003 fructu
1203 970 1324 1002 ditasti.

256 1021 409 1055 eructasti
436 1020 586 1062 dogmata

540 1079 571 1113 6.
597 1078 687 1112 Hine
711 1081 745 1111 te
770 1078 860 1110 senio
882 1079 951 1119 jam
975 1076 1157 1110 marcidum

600 1127 822 1168 virtutumque
844 1126 920 1159 luoe
943 1125 1106 1167 fulgidum

599 1178 782 1208 senatorem
808 1175 906 1208 terris
933 1178 1077 1215 emptum

602 1223 684 1256 coeli
713 1222 860 1257 Christus
886 1223 1011 1258 statuit.

542 1283 573 1315 7.
600 1281 646 1315 Et
668 1281 792 1315 idcirco
816 1285 925 1315 coetus
951 1281 1055 1315 omnis

602 1331 808 1363 sacerdotum

602 1379 741 1420 supplex
765 1378 874 1419 poscit
898 1378 962 1411 tuis
987 1377 1151 1419 precibus,

602 1430 725 1469 sancte,
750 1427 881 1460 muniri.

252 1494 372 1523 Prosar.
392 1503 447 1523 mt-
460 1494 661 1522 Laudunense
681 1503 758 1523 saec.
774 1493 821 1523 12.
838 1493 909 1523 Coa.
923 1495 1120 1523 Laudunens.
1136 1491 1204 1523 263.
1225 1510 1264 1514 —
1282 1493 1361 1522 Mel:
1381 1491 1519 1528 Aurea;

174 1533 268 1562 daher
282 1534 331 1561 die
344 1533 689 1570 Unregelmfissigkeiten
702 1535 735 1561 in
749 1532 794 1563 51>
808 1533 879 1571 (vgl.
896 1533 1032 1569 Bartsch,
1056 1534 1105 1562 die
1120 1531 1320 1562 lateinischen
1333 1532 1517 1570 Sequenzem

176 1573 206 1602 S.
228 1570 278 1607 34)
297 1572 358 1601 und
377 1573 410 1600 in
430 1571 488 1600 Str.
511 1570 528 1600 6
548 1573 610 1600 und
631 1571 649 1599 7
669 1570 806 1607 (Bartsch
827 1573 858 1602 S.
880 1570 936 1608 28).

539 1686 604 1718 278.
646 1687 691 1718 De
711 1695 734 1718 s.
759 1686 905 1719 Johanne
923 1686 1149 1729 Evangelista.

181 1759 236 1791 la.
264 1756 427 1790 :Iohannes
455 1759 662 1803 evangelista,
880 1759 939 1794 lb.
964 1758 1025 1798 Qui
1050 1757 1197 1792 laborem
1223 1758 1310 1791 1111110
1330 1757 1487 1799 subimus,

266 1804 342 1846 Quis
368 1805 422 1849 sis,
451 1810 588 1848 quantus
614 1808 763 1849 agonista
965 1806 1105 1841 Gratum
1131 1807 1280 1848 quidem,
1310 1806 1400 1839 docti
1424 1807 1524 1839 simus

266 1854 328 1886 Die
354 1855 438 1888 dona
463 1855 556 1889 nobis
580 1857 646 1889 ista
963 1857 1012 1891 Te
1036 1856 1205 1897 magistro,
1232 1855 1320 1896 quod
1344 1855 1514 1894 nequimus

316 1902 503 1937 Gommetiri
527 1905 690 1939 laudibus.
1018 1905 1113 1939 Scire
1136 1903 1260 1936 nostris
1283 1901 1420 1935 viribus

182 1962 240 1994 2a.
267 1960 373 1994 Dulce
394 1972 512 1995 nomen
539 1965 572 1996 et
593 1964 725 1996 beatum
882 1964 943 1998 2b.
966 1963 1101 1997 Plenius
1127 1961 1188 1994 sed
1211 1959 1361 2000 docuisti,

269 2009 376 2042 Docet
398 2020 458 2044 nos
485 2012 748 2052 interpretatum,
967 2012 1055 2045 Dum
1078 2012 1213 2044 vocatus
1239 2007 1403 2048 reliquisti

319 2057 411 2098 Quod
437 2060 482 2092 sis
505 2059 568 2092 Dei
592 2061 708 2101 gratia,
1015 2061 1158 2100 Patrem,
1185 2065 1311 2097 navem,
1336 2055 1431 2090 retia.

186 2117 244 2150 3a.
271 2115 397 2149 Reddis
421 2117 526 2150 vicem
552 2127 648 2159 quam
672 2117 813 2159 benigne
886 2119 946 2152 3b.
969 2117 1033 2151 Die
1058 2117 1159 2150 tertia
1181 2118 1216 2148 te
1240 2116 1324 2147 teste

272 2164 398 2198 Vocans
425 2169 593 2199 vocantem
617 2167 755 2207 insigne,
971 2166 1071 2199 Venit
1090 2165 1181 2198 Deus
1204 2161 1379 2196 manifeste

322 2212 401 2246 Jesu
427 2215 525 2246 decus
550 2215 667 2256 patuit.
1022 2214 1146 2247 Noster
1172 2217 1206 2246 et
1231 2220 1297 2244 non
1322 2210 1421 2243 siluit.

190 2272 248 2302 451.
274 2269 363 2302 Deus
389 2271 484 2304 homo
509 2272 580 2305 sine
602 2276 697 2313 patre
888 2273 950 2308 ib.
973 2272 1058 2312 Quas
1083 2271 1241 2306 miraculo
1265 2268 1409 2303 saei-avit

276 2317 356 2350 Cum
383 2319 562 2363 discipulis,
590 2330 663 2353 cum
687 2329 791 2355 matre
974 2321 1051 2362 Suo,
1081 2321 1158 2353 dmn
1181 2320 1359 2359 praecepto
1382 2315 1466 2351 favit

325 2366 412 2400 Tuas
436 2368 513 2400 visit
538 2370 680 2410 nuptias,
1023 2372 1120 2409 Aqua,
1145 2368 1227 2400 dans
1253 2364 1399 2399 delicias,
