1652 2678
684 143 734 148 ——
782 123 853 158 260
902 141 951 146 -—

154 224 237 258 122.
266 223 327 262 Qui
351 231 412 255 nec
437 223 537 256 vitam
562 221 725 253 recusavit
851 219 936 254 1210.
959 219 1013 251 Ad
1048 218 1257 258 sepulchrum
1284 216 1374 256 cujus
1401 216 1491 249 visus

261 271 378 311 Neque
401 273 537 303 mortem
564 268 754 301 formidavit
958 266 1021 298 Vel
1046 266 1157 299 totalis
1181 265 1235 299 vel
1262 265 1385 297 divisus

310 320 397 352 Fera
422 322 529 350 stante
553 317 726 360 proprius3
1009 314 1146 356 Legitur
1170 313 1374 347 Ambrosius

155 377 236 411 13a.
264 376 418 416 Numine,
446 383 570 416 gemma
594 374 791 414 praesulum,
853 373 937 408 1312.
956 373 1035 405 Tuis
1061 373 1244 405 adstantem
1268 371 1431 412 laudibus,

264 424 319 456 Ad
344 426 377 455 te
404 423 593 455 clamantem
619 422 775 461 populum
961 421 1040 453 Tuis
1066 421 1265 453 orationibus

333 471 386 503 Ex
410 471 472 502 hac
496 470 583 503 valle
606 469 768 510 miseriae,
1008 468 1167 501 Transfer
1183 470 1226 502 ad
1243 477 1344 509 regna
1355 469 1488 509 gloriae.

229 547 282 574 Mil
308 566 315 572 .
335 555 389 574 me.
412 546 441 575 S.
465 545 594 574 Amandi
615 554 693 574 saec.
717 544 761 574 14.
790 546 861 574 Cod.
884 545 1110 574 Valentianens‚
1134 543 1197 573 111.
1223 560 1263 566 ν-
1290 542 1346 579 lb,
1377 543 1395 572 2
1423 554 1490 573 cum

154 593 280 615 canu-us
300 585 355 613 Hs.
376 600 415 604 —
435 584 495 620 512,
518 583 535 612 2
558 584 707 612 serviendi
727 585 784 612 Hs.
805 600 845 604 —
866 584 924 618 7a,
946 582 964 611 2
985 593 1029 621 sq.
1052 584 1231 621 perferentes
1252 586 1356 620 partus
1374 584 1430 612 Hs.
1451 600 1489 604 —

155 623 205 658 9a,
226 622 244 652 :3
264 624 393 659 primum
415 624 471 651 Hs.
493 639 530 643 —
553 620 622 657 iob,
646 622 661 650 1
682 623 856 651 Martinum.

522 743 591 776 345.
631 744 668 776 In
688 745 911 778 Translatione
931 754 955 777 s.
980 746 1120 778 Martini.

502 827 533 860 1.
558 825 689 859 Laudes
713 827 829 859 summi
854 825 1048 860 confessoris

559 873 762 907 Extollamus
786 876 903 916 cordis,
931 875 996 907 oris

609 923 707 955 Dulci
734 932 804 955 cum
827 923 978 956 melodia.

158 983 217 1015 211⁷
242 979 340 1013 Dulci
368 981 439 1013 viro
853 980 911 1016 2b.
934 981 1048 1013 Dulcis
1075 980 1155 1014 foris

241 1029 344 1062 Cantu
368 1033 450 1060 miro
936 1029 987 1062 Sit
1010 1030 1081 1062 laus
1106 1030 1171 1062 oris

288 1076 480 1118 Jubilemus,
984 1077 1085 1110 Laeto
1112 1079 1212 1110 corde

290 1125 351 1163 Qui
375 1128 520 1157 tenemus
987 1125 1051 1158 Sed
1075 1136 1095 1159 a
1120 1127 1218 1159 sorde

336 1172 417 1213 Ejus
441 1171 609 1207 beneficia.
1030 1175 1157 1207 Munda
1184 1174 1390 1207 conscientia.

158 1234 214 1266 321.
243 1230 340 1263 Tanti
362 1231 466 1271 patris
491 1234 557 1263 tam
581 1231 727 1273 insignis,
852 1231 911 1266 31).
934 1232 974 1264 In
998 1231 1137 1264 Martini
1164 1232 1217 1264 die
1241 1230 1335 1273 festo,

243 1278 343 1318 Quem
371 1279 516 1311 declarat
539 1279 631 1311 miris
657 1280 757 1320 signis
937 1279 1060 1312 Chorus
1085 1283 1206 1321 noster,
1233 1280 1338 1312 laetus
1365 1282 1434 1313 esto

287 1326 409 1359 Divina
437 1327 594 1368 potentia,
987 1327 1131 1360 Solemni
1155 1328 1291 1368 laetitia,

240 1375 399 1408 Praesens
420 1375 514 1407 nobis
936 1376 1122 1409 1nsistendo

290 1423 385 1455 adest
408 1421 579 1464 festivitas
984 1424 1138 1457 laudibus
1162 1425 1335 1466 praesulis,

242 1471 445 1504 Turonorum
939 1472 1039 1512 Quem
1063 1474 1268 1513 praeclarum

292 1519 432 1551 exsultet
457 1520 582 1560 civitas,
986 1522 1096 1554 multis
1122 1521 1286 1554 miraculis

333 1567 429 1600 Plebs
454 1569 556 1609 ipsius
580 1569 724 1609 propria.
1032 1570 1162 1602 Recolit
1186 1570 1333 1603 ecclesia.

156 1628 217 1660 42.
245 1624 309 1657 Hic
341 1634 439 1666 egeno
464 1635 529 1659 non
553 1626 675 1658 invitus
854 1627 916 1662 4b.
939 1627 1005 1661 Sed
1032 1628 1073 1660 de
1096 1631 1188 1661 veste
1214 1629 1292 1662 data
1315 1628 1405 1663 nudo

244 1673 376 1706 Vestem
401 1683 491 1706 suam
517 1677 567 1707 est
586 1675 726 1715 partitus
940 1676 1140 1717 Angelorum
1163 1677 1338 1710 multitudo

292 1722 332 1755 In
357 1722 462 1755 hieme
486 1722 604 1763 media,
989 1724 1095 1757 Laeta
1118 1724 1157 1758 fit
1180 1726 1214 1758 in
1241 1725 1353 1766 gloria.

161 1783 219 1814 511.
248 1779 369 1812 Gentes
395 1781 475 1813 orbe
501 1782 542 1814 de
566 1784 690 1814 remoto
857 1781 916 1817 5b.
939 1783 1041 1816 Latro
1069 1784 1157 1816 cedit
1182 1787 1214 1816 et
1238 1784 1385 1816 salvatur

244 1827 370 1861 Cedunt
394 1829 457 1862 viri
481 1830 584 1862 sancti
610 1834 685 1863 voto
939 1831 986 1864 Et
1009 1832 1126 1864 relicta
1145 1832 1334 1873 baptizatur

291 1876 338 1909 Et
362 1878 532 1911 remittunt
555 1879 698 1918 proelia:
991 1879 1135 1913 Credens
1159 1881 1326 1914 idolatria.

159 1936 215 1969 Ga.
244 1933 341 1975 Cujus
366 1936 470 1969 sancti
494 1944 594 1977 prece
618 1946 701 1977 pura
858 1938 916 1973 6b.
939 1938 1035 1971 Alter
1059 1939 1173 1980 laqueo
1199 1948 1375 1979 suspensus

242 1982 334 2015 Mors
360 1984 481 2016 amittit
505 1994 563 2017 sua
585 1985 660 2025 jura
941 1988 996 2020 Ad
1021 1987 1138 2020 vitales
1160 1988 1251 2020 redit
1274 1996 1388 2021 sensus

294 2031 337 2063 Et
361 2031 507 2065 infernus
533 2034 656 2074 spolia;
990 2036 1055 2069 Per
1079 2036 1175 2076 hujus
1200 2035 1363 2080 suffragia,

242 2078 397 2112 Reddens
423 2082 680 2114 catechuminum
942 2084 1151 2117 Pollens.his
1176 2085 1352 2117 virtutibus

244 2127 308 2160 Pro
334 2137 396 2169 quo
420 2130 554 2169 pulsant
577 2129 749 2163 Dominum
942 2132 1048 2165 Datus
1075 2137 1125 2165 est
1148 2133 1333 2166 hominibus

290 2176 427 2209 Martini
457 2177 608 2218 suspiria.
991 2182 1128 2214 Praesul
1152 2191 1191 2215 ac
1218 2183 1379 2218 custodia

162 2234 218 2266 7a.
246 2234 382 2266 Praesul
406 2234 512 2267 factus
859 2238 918 2271 7b.
942 2239 1014 2271 Nec
1039 2240 1195 2273 'virtutum

245 2280 309 2314 Sed
335 2286 474 2324 coactus,
941 2288 1011 2320 Iter
1036 2291 1140 2322 tutum

292 2330 385 2363 Sicut
408 2331 510 2364 bonus
709 2339 712 2342 '
994 2336 1116 2370 Aufert
1140 2338 1170 2370 ei

294 2378 411 2411 Pastor
435 2389 515 2412 onus
993 2385 1113 2418 Fastus
1138 2387 1187 2420 rei

344 2426 457 2469 Sumit,
484 2438 547 2461 non
574 2427 715 2470 fastigia,
1044 2434 1121 2466 Nec·
1140 2433 1245 2467 flectit
1269 2434 1313 2467 ad
1338 2436 1428 2470 vitia.
