1652 2678
653 90 895 126 -63-

128 193 187 226 Sa.
213 191 245 223 A
271 191 378 233 Scoto,
405 191 560 232 Quidonc,

212 239 347 280 Thoma,
374 239 550 279 Richardo,

211 288 368 320 asseritur
391 289 428 321 id
452 287 588 321 ratione.

128 357 148 389 9
156 366 185 390 a.
211 356 276 388 Per
287 356 458 388 daemones
464 355 532 395 jam
540 354 741 386 submersum

209 404 369 437 reduxisti

209 455 297 484 tuum
323 452 515 486 Climonium

101 519 145 553 10
155 529 185 554 a.
211 518 444 559 Helsinumque
467 516 629 558 abbatem,

208 566 242 598 in
266 567 349 598 mari
374 567 515 603 anxium,

210 615 252 647 ad
276 618 406 654 portum
431 614 545 647 salutis

208 662 404 694 transtulisti

209 710 298 742 vultu
325 710 512 744 laetissimo,

103 780 144 813 11
154 788 182 812 a.
205 777 356 811 Ecclesia
378 779 525 812 Romana
550 778 719 822 approbat,

210 825 379 859 confirmat

206 875 267 907 hoc
293 874 411 908 festum
431 876 479 908 sic
497 874 737 908 celebrandum.

826 189 888 223 81)-
912 187 1052 220 Multum
1078 186 1253 226 promittis,

909 235 1012 277 magis
1037 234 1165 274 tribuis,

912 281 1106 317 Christifera
1130 283 1224 324 virgo
1249 281 1369 315 Maria.

827 351 886 385 91).
908 351 954 384 Et
979 350 1132 383 clericum
1154 350 1384 383 subarrhatum

909 398 1070 432 revocasti

908 447 1034 480 actibus
1060 447 1232 487 pollutum.

800 515 882 549 101).
906 515 954 549 Ob
981 516 1065 547 hanc
1091 523 1219 547 causam
1243 514 1365 555 Anglia

906 564 1054 605 repletur
1079 563 1208 604 gaudio,

909 614 1100 653 conceptum
1125 611 1253 644 Mariae

906 660 1098 694 solemnizat

906 710 940 742 in
967 709 1055 743 duici
1077 709 1193 750 Jubilo.

798 777 882 811 11b.
909 776 1107 811 Basileensis
1133 776 1288 817 synodus,
1316 774 1399 807 ordo

908 825 1048 859 Carmeli

907 875 954 906 sic
978 874 1134 907 assistunt
1159 873 1292 914 reginae
1316 871 1408 905 caeli.

563 943 619 975 12.
646 942 773 983 Regina
798 941 887 974 laeta

645 1000 704 1023 nos
728 990 814 1023 freta

646 1039 779 1080 colloca,

642 1087 700 1120 ubi
714 1096 802 1120 nunc
818 1096 853 1119 es
871 1096 943 1120 cum
960 1091 1017 1120 tuo
1033 1085 1114 1127 filio,

642 1136 676 1168 in
703 1136 836 1169 coelesti
862 1137 954 1169 solio.

173 1221 258 1249 Miss.
285 1230 338 1249 ms.
366 1222 493 1251 Cremeir

559 1231 628 1251 aec.
656 1221 701 1251 15.
728 1222 801 1251 Cod.
826 1223 970 1260 Pragens.
999 1222 1059 1251 XII
1085 1223 1109 1250 B
1137 1219 1183 1249 13.
1214 1236 1252 1240 —
1279 1220 1360 1249 Eine
1388 1220 1443 1249 des

95 1259 248 1297 Originals
273 1261 407 1297 wiirdige
426 1260 631 1298 Umdichtung
656 1262 708 1290 cler
729 1262 856 1298 vorigen
876 1262 1019 1290 Nummer
1040 1261 1134 1289 durch
1154 1260 1342 1289 Karmeliten
1362 1257 1434 1296 (vgl.

96 1299 177 1336 Hb),
198 1299 295 1326 wobei
317 1300 349 1327 in
370 1302 427 1328 Str.
445 1298 478 1328 11
502 1300 554 1328 das
574 1300 728 1329 Versmass
749 1301 908 1328 verkindert
927 1302 976 1329 ist.
995 1315 1032 1320 —-
1055 1297 1090 1327 10
1099 1307 1125 1336 a,
1150 1298 1164 1327 1
1186 1299 1356 1327 Helsimum
1378 1299 1435 1326 Hs.

545 1441 595 1474 80.
637 1442 672 1474 In
692 1442 871 1475 Nativitate
890 1442 980 1475 BllV.

95 1535 152 1568 la.
171 1535 254 1576 Ave,
282 1534 369 1568 clara
395 1535 491 1568 stella
516 1535 624 1576 maris,

178 1582 217 1616 In
242 1582 346 1615 lucem
371 1583 485 1616 mundi
510 1583 659 1624 probaris

225 1630 350 1664 Exorta
375 1631 541 1675 divinitus,

93 1691 150 1724 aa.
177 1690 216 1723 In
239 1692 312 1721 ortu
335 1693 390 1723 tuo
412 1690 556 1731 jucundo

177 1737 252 1771 Toti
279 1736 341 1771 fuit
365 1742 437 1772 orta
461 1740 581 1772 mundo

227 1785 321 1819 Salus
348 1790 381 1819 et
405 1788 553 1831 salvatio,

93 1847 150 1879 3a.
179 1844 204 1879 Ο
231 1843 311 1877 felix
336 1848 372 1878 tu
398 1846 479 1879 coeli
504 1850 609 1889 porta,

177 1893 311 1934 Semper
329 1895 447 1937 clausa,
471 1904 531 1936 per
548 1906 643 1937 quam
661 1900 734 1930 orta

226 1942 313 1975 Vera
338 1944 395 1976 lux
419 1945 582 1986 apparuit,

90 2002 148 2034 4a.
175 2000 291 2042 Hujus,
318 2001 420 2043 virgo,
443 2002 542 2043 jubar
566 2004 648 2036 lucis

175 2051 214 2083 In
239 2049 324 2082 huno
349 2051 460 2083 orbem
484 2051 665 2085 introducis

226 2098 341 2131 Carnis
367 2102 488 2132 tectum
512 2100 674 2143 vestibus3

91 2159 149 2191 50..
176 2157 267 2190 Haec
293 2160 342 2189 est
365 2159 461 2191 stella
485 2158 652 2199 matutina,

176 2204 262 2238 Solis
285 2206 378 2239 radio
403 2207 521 2245 vicina,

223 2253 276 2286 Ex
303 2264 366 2295 qua
390 2256 439 2288 sol
461 2254 618 2296 justitiae,

92 2312 149 2345 6a.
178 2311 203 2344 O
225 2311 376 2345 miranda
399 2314 557 2354 genitura,

178 2359 248 2398 Qua
271 2363 415 2393 mutatur
439 2362 493 2394 hic
517 2364 645 2402 natura,

225 2407 354 2441 Patrem
383 2410 488 2451 gignis
513 2408 600 2451 filia3

798 1535 855 1570 lb.
877 1536 970 1577 Euge
995 1539 1070 1568 tuae
1097 1535 1255 1568 claritatis

879 1584 952 1617 Lux
977 1583 1149 1617 umbrosae
1171 1583 1344 1617 vetustatis

928 1634 1063 1667 Patrum
1089 1631 1182 1674 fugat
1206 1633 1354 1674 gemitus.

798 1691 857 1727 2b.
875 1692 941 1725 Per
965 1695 998 1724 te
1023 1700 1171 1732 namque,
1199 1691 1290 1732 virgo
1316 1690 1381 1732 pia,

877 1742 1049 1774 Humanae
1075 1740 1184 1781 sortis,
1210 1739 1330 1781 Maria,

926 1789 1034 1822 Datur
1059 1789 1235 1830 reparatio.

795 1847 854 1882 3b.
878 1847 976 1889 Cujus
1002 1847 1084 1881 lucis
1110 1850 1282 1880 venustate

877 1897 1020 1930 Nostrae
1045 1897 1150 1929 noctis
1176 1896 1390 1929 obumbratae

929 1945 1041 1987 Caligo
1069 1945 1241 1985 disparuit.

794 2003 855 2038 4b.
879 2004 904 2037 Ο
932 2013 1028 2045 quam
1055 2003 1154 2044 digna
1177 2002 1337 2046 venerari,

877 2052 932 2084 Ad
955 2060 1051 2093 quam
1075 2051 1132 2083 lux
1157 2051 1239 2084 haec
1263 2051 1437 2084 humanari

924 2098 1028 2133 Venit
1054 2100 1095 2133 de
1120 2101 1325 2134 coelestibus.

793 2157 852 2191 5b.
876 2158 1025 2191 Christus
1050 2157 1140 2191 Deus
1165 2163 1288 2203 noster,
1316 2162 1406 2192 ortus

875 2207 948 2248 Est,
976 2216 1039 2248 quo
1064 2207 1223 2240 sternitur
1247 2208 1405 2241 distortus

926 2255 1079 2298 Serpens,
1108 2257 1174 2288 dux
1199 2256 1374 2297 nequitiae.

793 2313 851 2346 6b.
875 2314 926 2346 Tu
950 2314 1064 2348 matris
1091 2315 1213 2356 gaudes
1239 2314 1373 2357 honore,

872 2362 1034 2404 Virginali
1059 2361 1187 2403 fulgens
1211 2361 1303 2405 flore,

925 2412 1056 2444 Patrem
1082 2411 1186 2452 gignis
1211 2410 1290 2448 filia.
