1652 2678
724 118 998 154 —137—

220 213 277 246 73.
303 214 368 247 Per
391 224 481 247 mare
505 215 639 249 rubrum

301 262 365 296 iter
390 264 510 296 siccum
535 266 653 305 pandit

302 311 395 353 virga
418 313 588 352 praedicta

302 369 400 392 manu
422 360 534 401 ipsius,

219 437 275 470 Sa.
303 436 395 470 Haec
420 447 546 471 omnem

302 485 468 519 lasciviam
493 488 619 528 respuit

304 537 338 566 et
361 535 404 567 ad
429 534 551 567 Christi
574 534 747 569 formulam

306 582 486 624 configurat
512 584 657 625 clericos,

219 660 275 692 9a.
303 660 399 692 Hanc
423 660 568 700 regulam

301 711 462 749 tamquam
489 708 613 749 virgam
639 708 751 741 Aaron

300 759 463 797 tamquam
489 757 609 789 nullius
634 757 764 790 honoris

301 805 477 837 contemnit

301 853 404 886 elatus
429 853 542 894 globus
567 853 711 895 Abiron;

193 928 273 962 lOa.
301 930 405 971 Igitur

300 981 333 1010 te
359 981 471 1011 sancte
494 979 656 1019 poscimus

299 1027 489 1067 Augustine,

299 1077 346 1114 ut,
374 1075 428 1115 qui
457 1075 543 1107 viam

300 1124 419 1164 regiam
446 1123 710 1164 praeostendisti,

918 219 936 250 7
944 217 975 251 b.
998 218 1083 250 Dum
1110 217 1300 249 clericorum

999 266 1097 299 vitam
1122 265 1268 298 strictam
1296 266 1389 298 docet

998 318 1110 347 sancta
1134 314 1247 355 regula

997 372 1057 403 per
1080 363 1186 404 ipsum
1213 363 1297 395 data.

915 440 972 473 ssb.
996 441 1082 473 Dum
1106 440 1205 471 vitam

998 497 1195 521 communem
1219 487 1368 528 instituit,

999 546 1019 569 a
1044 536 1171 570 Christo
1195 535 1375 577 discipulis,

997 594 1056 626 per
1081 586 1139 618 hos
1164 585 1248 617 clero
1274 584 1437 617 traditam.

915 661 972 694 91).
997 661 1063 695 Sed
1087 662 1141 704 qui
1165 662 1275 704 virgae

997 708 1092 743 fiores
1116 710 1208 743 dedit
1231 711 1352 749 aridae,

996 759 1037 791 ad
1063 760 1113 791 sui
1137 759 1290 792 honorem

996 806 1152 840 reformat

997 855 1171 888 eommunis
1200 855 1288 887 vitae
1314 855 1471 887 decorem.

890 932 973 966 10b.
998 932 1062 964 Per
1086 932 1176 965 illam

997 983 1029 1012 et
1055 990 1111 1013 nos
1138 980 1283 1012 obtineas

994 1028 1166 1069 pervenire

996 1077 1054 1109 sub
1083 1077 1200 1109 ducatu

996 1128 1060 1168 tuo,
1089 1133 1150 1166 quo
1175 1130 1211 1156 tu
1235 1124 1423 1165 pervenisti,

599 1200 655 1234 11.
682 1199 823 1242 Egregie
847 1200 1092 1235 Philoohristus.

271 1275 359 1303 Grad.
381 1283 433 1303 ms.
452 1274 548 1302 Palat.
561 1275 785 1304 Vindobonens.
810 1273 845 1302 12
854 1272 912 1304 314
933 1284 1002 1304 saec
1034 1275 1078 1304 11.
1093 1277 1127 1304 A.
1146 1290 1182 1294 n
1198 1276 1273 1303 Miss
1305 1284 1358 1303 ms.
1375 1275 1524 1305 Claustra-

189 1314 396 1350 neoburgense
418 1311 454 1341 71
477 1322 553 1341 saeo-
578 1312 621 1342 14.
644 1315 677 1342 B.
691 1331 729 1335 —
742 1314 826 1342 Miss.
849 1323 902 1342 ms.
921 1314 1266 1350 Claustroneoburgenso
1286 1313 1323 1342 72
1344 1317 1415 1342 anni
1441 1313 1523 1343 1472.

190 1352 221 1380 0.
242 1368 281 1373 -—
302 1352 360 1387 521,
382 1351 400 1381 3
422 1354 605 1381 convertisse
625 1362 686 1381 non
707 1354 861 1382 dubitatur
882 1353 940 1381 BC.
960 1369 1000 1373 —
1020 1353 1080 1388 7a,
1100 1351 1118 1382 3
1139 1353 1275 1389 praedita
1294 1354 1352 1382 BC.
1373 1370 1413 1374 —
1433 1352 1483 1387 Sa,
1505 1352 1525 1381 4

189 1391 343 1419 contendit
362 1392 396 1420 A.
418 1406 457 1411 —
473 1389 508 1419 10
517 1391 544 1427 b,
569 1389 587 1418 2
609 1392 744 1421 obtineas
766 1394 797 1419 et.
814 1400 869 1420 nos
884 1393 917 1420 B.
934 1408 973 1412 —-
989 1390 1024 1421 10
1032 1393 1059 1428 b,
1081 1391 1099 1421 5
1119 1394 1153 1419 tu
1172 1392 1247 1420 fehlt
1258 1391 1348 1420 ABG.-
1372 1402 1429 1429 quo
1450 1391 1526 1420 fehlt

187 1431 221 1458 B.
243 1446 282 1451 —-
305 1429 348 1465 11,
372 1429 386 1458 1
409 1429 499 1467 phylo
523 1429 634 1458 Christi
654 1431 687 1459 B.

624 1534 680 1566 181.
715 1535 759 1567 De
780 1534 889 1566 saneto
913 1534 1098 1576 Augustino.

189 1615 206 1648 1
220 1624 251 1648 a.
277 1615 458 1655 Augustino
481 1615 624 1654 praesuli

272 1662 489 1695 Decantemus
515 1663 644 1704 singuli,

272 1712 302 1743 A
329 1720 390 1751 quo
415 1709 518 1743 fluunt
542 1711 640 1744 rivuli

323 1759 574 1801 Scripturarum.

188 1838 244 1871 2a.
270 1836 354 1870 Dum
383 1835 485 1869 codex
510 1836 692 1878 inspicitur,

270 1885 338 1925 Quo
365 1884 511 1918 Phristus
537 1885 693 1926 induitur,

271 1934 353 1966 Mox
379 1942 470 1966 error
493 1934 665 1974 repellitur

318 1985 448 2024 Aegi-ae
472 1982 600 2016 mentis.

185 2061 243 2094 3a.
272 2060 479 2093 Praecellens
505 2060 645 2102 ingenio,

268 2108 414 2142 Fervens
442 2108 605 2141 desiderio

269 2157 388 2192 Studet
412 2158 446 2190 in
469 2158 624 2198 mysterio

319 2206 500 2239 Trinitatis.

182 2287 240 2319 4a.
266 2286 385 2319 Pastor
408 2292 547 2326 pascens
571 2283 691 2325 pabulo

266 2334 378 2376 Verbi,
405 2333 494 2368 vitae
515 2333 640 2374 spiculo

266 2383 395 2425 Omnes,
423 2382 620 2415 adminiculo

315 2433 413 2468 Suum
440 2440 580 2474 gregem.

886 1615 945 1648 ib.
968 1615 1044 1648 Dux
1069 1614 1196 1647 futurus
1221 1615 1335 1655 populi

968 1663 1096 1696 Luxum
1121 1661 1212 1705 fugat
1236 1664 1356 1695 saeculi

971 1713 1176 1752 Imbremque
1203 1711 1282 1743 dant
1306 1712 1391 1744 oculi

1018 1761 1251 1794 Lacrimarum.

886 1837 945 1872 2b.
966 1838 1039 1870 Vox
1065 1838 1191 1877 clamat,
1220 1837 1305 1877 quod
1332 1837 1439 1870 editur

969 1886 1000 1918 A
1025 1885 1149 1928 magnis
1174 1894 1235 1917 neo
1258 1886 1401 1919 laeditur

970 1934 1036 1967 Sed
1059 1935 1095 1967 in
1117 1942 1153 1966 se
1176 1934 1354 1966 mutabitur

1017 1983 1112 2015 Mens
1135 1982 1271 2018 edentis,

886 2061 945 2094 3b.
968 2061 1008 2094 In
1033 2060 1177 2094 haeresis
1203 2061 1282 2093 vitio

969 2110 1096 2150 Pugnat
1118 2109 1212 2141 verbi
1236 2110 1355 2151 gladio,

969 2157 1087 2191 Orbem
1116 2158 1223 2198 replet
1242 2158 1335 2191 radio

1015 2207 1181 2240 Veritatis.

884 2284 944 2319 4b.
965 2285 1031 2317 Res
1055 2285 1156 2326 plena.
1178 2284 1344 2327 miraculo,

968 2333 1102 2375 Absque
1126 2333 1233 2365 morbi
1257 2334 1385 2368 vinculo

967 2383 1131 2416 Persolvit
1153 2382 1187 2414 iu
1212 2383 1331 2417 lectulo

1016 2432 1130 2466 Carnis
1155 2431 1268 2473 legem.
