1652 2678
711 96 979 133 —301—

170 190 229 224 8a.
253 189 340 224 Dele
364 189 521 235 facinora,
874 195 933 230 8b.
955 196 1065 237 Atque
1089 205 1188 237 prece
1212 199 1268 228 tua

253 239 343 279 pelle
368 245 506 281 peccata
957 244 1085 277 veniam
1108 243 1257 285 impetra.

169 297 227 330 9a.
254 297 295 330 In
321 300 468 333 extrema
494 301 611 342 agonia
873 300 933 336 9b.
954 302 1154 343 Angelorum
1179 302 1296 335 solatia

255 343 333 386 fuga
358 348 432 380 atra
955 352 1061 383 tecum
1086 350 1180 383 nobis

253 402 273 425 a
297 393 393 427 nobis
418 396 598 431 daemonia.
957 398 1078 431 adhibe
1101 398 1245 440 propitia

522 450 579 484 10.
606 450 652 483 Et
676 451 784 483 salvos
808 459 868 483 nos

606 501 683 531 ante
707 498 812 531 Deum
839 499 972 534 colloca.

246 551 332 580 Miss.
353 561 408 580 ms.
429 554 660 583 Marchianense
681 563 758 583 saec.
782 552 828 584 12.
850 554 921 584 Cod.
938 555 1088 583 Duaeens.
1108 552 1155 585 83.
1177 555 1243 583 add.
1265 563 1341 583 saec.
1365 553 1410 583 15.
1424 555 1460 582 A.
1474 570 1514 574 —

170 590 256 619 Miss.
282 599 337 618 ms.
365 591 596 622 Marchianense
622 601 701 622 saec.
731 591 776 621 12.
803 593 876 622 Cod.
901 594 1050 622 Duacens.
1077 591 1125 622 82.
1154 594 1220 622 add.
1247 602 1324 622 saec.
1353 591 1398 621 15.
1418 593 1453 621 B.

169 629 259 658 Grad.
282 638 336 657 ms.
350 630 583 661 Marchianense
602 640 680 661 saec.
698 630 743 660 14.
759 632 831 660 Cod.
846 632 995 661 Duacens.
1013 630 1076 660 113.
1092 632 1123 660 O.
1138 649 1177 653 —
1191 633 1280 661 Grad.
1295 641 1348 661 ms.
1361 631 1512 660 Marehia-

168 677 262 697 nense
283 676 360 696 saec.
385 667 429 698 14.
453 670 524 699 Ood.
546 671 695 699 Duaeens.
719 668 784 699 114.
805 671 844 699 D.
864 685 904 691 -—·
924 668 978 705 2a,
999 669 1018 699 2
1039 671 1093 699 lux
1114 671 1190 700 fehlt
1207 672 1269 700 AB.
1284 687 1321 692 —
1335 671 1414 699 Eine
1428 670 1513 698 Sillae

166 708 300 744 weniger
320 705 374 742 8a,
395 705 423 735 2.
445 725 483 729 —
504 707 549 738 910
569 710 632 738 und
653 707 690 738 10
710 709 811 737 fehlen
833 708 864 737 O.

608 793 676 826 399.
718 794 764 826 De
785 794 898 825 sancta
916 793 1075 826 Rictrude.

170 854 225 887 la.
254 854 327 887 Hac
351 854 385 887 in
413 854 466 888 die
490 855 585 896 plebs
611 855 729 889 festiva
871 854 931 889 lb.
953 855 1079 888 Psallat
1105 855 1201 898 digne
1227 856 1464 900 concrepando,

251 902 357 935 Laeta
377 907 497 944 mente,
523 913 604 937 voce
629 904 704 937 viva
955 903 1052 937 Diem
1077 902 1196 938 festum
1222 905 1417 937 celebrando

299 952 366 985 Det
392 955 506 985 cantus
531 953 695 993 laetitiae3
1001 952 1171 986 Rictrudis
1197 954 1355 995 egregiae.

169 1010 227 1043 2a.
251 1008 344 1042 Haec
371 1008 526 1042 decenter
550 1012 582 1042 et
606 1012 730 1042 attente
868 1009 930 1045 2b.
953 1010 1097 1050 Sponsus
1121 1011 1222 1052 venit,
1251 1011 1331 1043 haec
1346 1010 1491 1051 intravit,

254 1058 381 1098 sponso
406 1066 532 1091 moram
556 1056 698 1090 faciente
955 1058 1099 1098 Sponsus
1125 1067 1196 1091 eam
1222 1058 1387 1091 decoravit

301 1105 374 1138 Stat
399 1108 515 1139 ornata
540 1106 711 1147 lampade3
1000 1107 1092 1138 Auro
1117 1110 1208 1139 texta
1233 1107 1379 1147 cyclade.

167 1163 225 1197 3a.
251 1163 366 1196 Mente
390 1164 523 1205 munda,
551 1164 650 1197 corde
674 1163 796 1196 mundo
870 1163 930 1197 3b.
953 1164 1083 1198 Justum
1108 1164 1172 1196 sibi
1197 1162 1277 1196 fecit
1300 1172 1457 1205 gressum,

250 1211 412 1244 Militavit
436 1213 471 1245 in
496 1212 558 1245 hoc
582 1213 703 1245 mundo
953 1211 1025 1244 Viri
1050 1211 1100 1243 sui
1125 1215 1202 1253 post
1227 1212 1394 1245 decessum

301 1260 369 1294 Ceu
393 1263 498 1293 mater
523 1259 682 1301 familias3
1001 1259 1077 1291 Non
1103 1260 1263 1301 quaesivit
1286 1260 1427 1301 nuptias,

166 1320 225 1353 4a.
253 1318 374 1352 Sancta
397 1319 491 1358 prole
515 1317 555 1351 fit
579 1318 686 1359 beata,
870 1317 931 1352 4b.
952 1317 1057 1350 Deum
1083 1325 1220 1359 sequens
1243 1318 1413 1350 veritatem

252 1366 367 1399 Proles
394 1366 464 1407 ejus
487 1366 558 1399 Deo
583 1370 678 1408 grata
954 1366 1070 1399 Multis
1096 1367 1202 1407 aegris
1228 1367 1400 1399 sanitatem

297 1415 395 1454 Actu,
425 1415 534 1448 verbis
562 1415 704 1455 exstitit3
1004 1413 1220 1456 Suffragatrix
1243 1414 1418 1455 praestitit.

166 1475 225 1508 5a.
255 1473 362 1508 Glaris
390 1475 464 1507 orta
488 1471 662 1515 natalibus,
872 1472 931 1507 5b.
954 1472 1037 1505 Illae
1061 1471 1133 1505 Deo
1159 1475 1366 1505 consecratae

262 1521 418 1555 Honestis
442 1523 512 1555 alt-a
535 1522 691 1564 moribus,
955 1520 1067 1554 Prima
1090 1523 1210 1554 necant
1233 1521 1267 1553 in
1295 1522 1401 1553 aetate

301 1570 383 1603 Tres
409 1571 521 1611 genuit
544 1570 647 1613 filias;
1004 1568 1160 1602 Gamales
1185 1569 1370 1610 spurcitias,

165 1630 223 1663 Ga.
250 1628 445 1661 Mam-ontus
470 1629 540 1661 vita
563 1628 692 1670 nobilis,
870 1627 930 1663 6b.
951 1627 1041 1668 Lege
1066 1630 1178 1667 spreta
1203 1627 1344 1668 conjugii

253 1675 402 1718 Caelebs,
428 1677 605 1717 modestus,
632 1677 774 1719 humilis,
954 1675 1020 1708 Sub
1047 1683 1123 1707 arce
1146 1675 1286 1708 diaconii

302 1723 380 1756 Fuit
405 1723 456 1756 illi
480 1723 586 1764 filius3
1001 1723 1094 1756 Vixit
1116 1724 1169 1757 vir
1193 1723 1351 1764 egregius.

168 1784 225 1817 7a.
252 1782 350 1816 Felix
374 1785 481 1815 mater
505 1784 617 1815 tantae
641 1782 755 1826 prolis,
872 1781 931 1817 7b.
954 1781 1082 1822 Sponsa
1107 1789 1225 1822 sponso
1242 1790 1307 1814 non
1325 1779 1509 1821 fraudatur,

250 1831 307 1865 Ad
333 1831 525 1871 adspectum
551 1830 620 1864 veri
645 1831 725 1863 solis
957 1830 1023 1864 Sed
1050 1838 1122 1861 eum
1147 1838 1266 1870 sponso
1292 1830 1450 1871 gloriatur

300 1879 437 1920 Semper
461 1879 585 1912 habens
610 1879 748 1918 oculum,
1002 1878 1080 1910 Post
1105 1878 1193 1910 vitae
1220 1878 1423 1911 curriculum.

164 1935 223 1970 ea.
250 1933 330 1975 Nos,
358 1933 413 1974 qui
440 1933 527 1966 diem
551 1934 662 1965 tantae
686 1933 801 1965 matris
870 1932 932 1966 8b.
954 1931 1001 1965 Et
1025 1934 1181 1972 purgatos
1207 1941 1227 1964 a
1250 1932 1395 1972 peccatis

255 1981 498 2026 collaudamus,
526 1981 642 2014 summi
667 1982 771 2022 patris
955 1981 1056 2014 Pater
1081 1988 1225 2013 summae
1249 1980 1405 2013 bonitatis

298 2030 481 2065 Benedicat
507 2031 653 2072 dextera,
1003 2028 1149 2062 Collocet
1172 2029 1207 2062 in
1232 2029 1374 2064 aethera.

242 2088 333 2118 Grad.
361 2097 416 2116 ms.
437 2088 669 2117 Marchianense
698 2096 775 2116 saec.
804 2085 849 2117 14.
871 2086 944 2115 Cod.
965 2086 1116 2115 Duacens.
1141 2085 1205 2116 114.
1226 2087 1262 2114 A.
1285 2102 1324 2106 —
1344 2086 1433 2115 Grad.
1454 2095 1510 2114 ms.

160 2128 393 2157 Marehianense
418 2136 495 2156 saec.
519 2126 565 2156 14.
588 2126 659 2155 Cod.
680 2127 830 2156 Duacens.
862 2123 927 2154 113.
946 2126 982 2154 B.
1007 2141 1045 2146 —
1065 2126 1186 2154 Prosar.
1205 2135 1261 2154 ms.
1280 2126 1512 2154 Marchianense

162 2176 241 2196 saec.
264 2165 309 2195 15.
332 2166 404 2195 Cod.
426 2167 575 2195 Duacens.
599 2163 663 2195 123.
686 2165 718 2194 C.
738 2180 778 2185 —
801 2164 852 2201 la,
874 2164 928 2201 7b,
950 2162 1003 2201 Sa,
1026 2162 1071 2193 810
1093 2165 1193 2194 fehlen
1213 2166 1246 2194 B.

599 2251 675 2284 400.
715 2251 760 2283 De
782 2252 894 2283 sancta
915 2249 1078 2283 Rictrude.

581 2314 611 2348 1.
639 2313 837 2347 Solemnizet
860 2313 955 2355 plebs
981 2313 1099 2346 devota

641 2362 748 2397 Corde
771 2362 870 2404 laeto,
896 2364 1005 2395 mente
1029 2364 1109 2404 tota,

688 2412 823 2447 Interna
846 2411 982 2448 laetitia.
