1652 2678
681 110 921 146 -97ffl

584 214 645 247 122.
686 213 730 247 De
750 215 848 248 beata
867 214 970 246 Maria
989 214 1027 246 V.

138 284 196 319 121.
224 285 326 319 Pulsa
349 285 425 319 labe
450 286 595 320 cordium

224 334 414 367 Redeamus
441 335 608 368 servitium

271 382 357 415 Tibi.
385 383 476 424 virgo
500 383 631 424 nobilis,

138 441 195 473 22.
223 440 279 473 Ad
303 444 337 472 te
358 442 433 482 jure
458 440 607 483 fugimus,

223 488 276 522 Ex
301 498 366 530 qua
388 490 483 529 panis
508 499 639 530 azymus

272 536 342 570 Nos
367 536 549 571 reformans
573 537 715 579 prodiit3

139 596 196 629 sa.
227 595 288 635 Qui
314 604 350 628 se
374 595 474 628 sentit
497 596 650 640 saucium,

222 642 386 676 Affectans
412 644 591 676 remedium

273 690 343 724 Sibi
365 691 437 724 dari
466 691 599 733 gratiae,

134 750 193 784 42„
221 748 275 782 Ex
299 752 342 789 te,
369 749 471 791 virgo,
494 749 620 791 genitus

223 797 360 831 Nostros
386 807 446 839 per
472 801 505 830 te
529 798 665 839 gemitus

274 845 442 879 Convertit
465 846 500 879 in
525 846 688 889 gaudium,

139 906 199 938 5a.
227 904 320 937 Mala
343 907 457 937 nostra
480 906 613 945 superet

221 953 292 985 Vox
317 956 374 985 tua
398 961 459 985 nec
484 956 597 986 oneret,

271 1000 319 1033 Te
345 1002 468 1034 clamor
491 1001 704 1043 precantium,

138 1061 195 1094 δα.
223 1058 340 1093 Funde
369 1067 483 1100 preces
507 1058 586 1103 filio,

218 1106 305 1140 Nam
338 1110 394 1140 tua
419 1107 588 1140 subventio

270 1156 463 1189 Peccatores
490 1156 609 1196 expiat,

836 286 894 321 lb.

835 441 895 475 2b.

836 595 896 630 sb.

835 750 894 784 412.

836 905 895 938 5b.

836 1059 894 1092 612.

923 286 1008 319 Nam
1036 286 1065 318 si
1091 286 1175 318 desit
1198 286 1322 321 vitium:

918 334 992 369 Vox
1017 334 1077 367 erit
1101 334 1308 374 psanentium

965 383 1073 424 Magis
1103 383 1323 424 acceptabilis

918 442 983 475 Per
1005 441 1108 474 Evam
1136 440 1298 475 amisimus

918 489 1027 522 Vitam
1049 490 1107 522 sed
1131 490 1322 530 recepimus,

967 537 1065 572 Unde
1091 538 1159 570 vita
1183 538 1291 571 rediit.

920 595 969 628 Te
992 599 1128 636 quaerat
1149 605 1214 629 non
1239 596 1347 634 alium,

918 644 1006 684 Quae
1030 644 1169 685 portasti
1193 645 1332 685 pretium

968 692 1089 726 Salutis
1115 700 1153 725 ac
1178 693 1300 726 veniae.

920 749 966 782 Ut
987 759 1007 781 a
1031 749 1124 783 nobis
1150 751 1277 790 penitus

919 796 969 831 Sit
990 806 1082 831 error
1107 798 1272 838 depositus

966 847 1032 880 Per
1058 846 1105 878 tui
1131 845 1326 889 suffragium.

919 904 1004 937 Nam
1028 907 1065 936 ut
1090 903 1183 937 homo
1210 903 1302 938 fieret

918 952 970 985 Ac
993 955 1129 992 peccata
1153 953 1283 987 tolleret

967 1001 1145 1042 Perperisti
1169 1000 1280 1034 filium.

918 1058 995 1100 Fac,
1022 1061 1059 1091 ut
1081 1059 1175 1099 pulso
1201 1059 1278 1092 vitio

918 1108 959 1141 In
984 1107 1065 1139 coeli
1090 1108 1213 1148 palatio

966 1155 1036 1187 Nos
1061 1164 1168 1187 secum
1193 1156 1358 1196 wumipiat.

212 1232 331 1261 Prosar.
352 1241 406 1260 ms.
428 1233 616 1261 Franciscan.
641 1239 718 1259 saec.
735 1229 779 1260 14.
804 1231 874 1259 Cod.
895 1231 1057 1259 Parisiens.
1075 1228 1157 1259 1399.
1175 1231 1261 1259 A.—
1280 1231 1397 1260 Prosar.
1416 1241 1475 1260 nis-

133 1272 364 1300 Marchianense
384 1279 461 1300 saec.
484 1269 529 1299 15.
557 1270 626 1298 Cod.
648 1270 798 1298 Duacens.
822 1267 887 1298 123.
907 1270 943 1298 B,
964 1284 1003 1289 -
1025 1268 1078 1304 5³0,
1102 1267 1116 1296 1
1139 1270 1208 1298 Jam
1228 1269 1261 1297 B.

584 1383 645 1416 123.
687 1384 731 1416 De
752 1383 848 1416 beata
868 1381 971 1415 Maria
993 1382 1029 1414 V.

136 1461 192 1495 la.
222 1460 319 1502 Virgo
345 1460 443 1502 mitis,
471 1464 576 1494 mater
601 1461 666 1503 pia,

219 1508 368 1549 morans,
394 1507 538 1551 fraglans
564 1519 582 1542 0
607 1509 715 1543 Maria

269 1559 308 1591 In
334 1558 466 1590 coelesti
490 1558 600 1599 patria
609 1570 617 1599 3

139 1618 195 1650 2a.
222 1615 312 1649 Rosa
341 1616 422 1649 coeli
446 1616 630 1658 singularis,

221 1666 260 1699 In
285 1665 439 1706 procellis
462 1665 558 1698 stella
581 1665 693 1708 maris,

269 1714 366 1747 Dona.
390 1717 518 1755 portum
541 1713 681 1757 gloriae3

136 1773 194 1805 321.
223 1772 323 1806 Ortae
347 1773 457 1813 spicae
482 1771 662 1805 Pharaonis

220 1820 267 1853 Te
290 1820 446 1853 refertam
472 1823 594 1862 septem
623 1820 715 1853 donis

267 1869 449 1910 Designant
474 1868 635 1902 veraciter
645 1880 653 1910 3

134 1929 195 1961 4a.
221 1929 354 1961 Ardens
380 1927 480 1961 rubus
505 1928 737 1970 incombustus,

219 1977 274 2010 Ad
299 1980 332 2009 ‘te
358 1978 460 2011 currit
483 1978 586 2010 omnis
606 1977 713 2018 justus

268 2025 454 2059 Illustratus
477 2026 619 2067 lumine,

135 2085 193 2120 ba.
220 2084 417 2118 Jucundaris
443 2088 476 2118 et
498 2085 631 2120 laet-aris

218 2133 265 2166 Et,
291 2143 362 2166 cum
388 2133 510 2168 sanetis
535 2133 685 2176 gloriaris

269 2183 370 2216 Plena
393 2182 457 2216 Dei
482 2182 605 2224 gratia3

130 2242 189 2276 δα.
215 2241 298 2274 Esto
322 2244 438 2275 nostra
459 2241 621 2274 advocata

218 2290 365 2324 Caritate
388 2292 459 2323 tota
482 2289 551 2323 lata

264 2339 401 2375 Stellato
427 2339 562 2380 palatio,

838 1460 897 1495 lb.

837 1615 895 1650 2b.

838 1770 898 1805 311.

835 1926 898 1960 412.

836 2082 895 2117 533.

834 2239 895 2275 6b.

919 1459 1025 1494 Jubar
1049 1459 1172 1499 mundi,
1200 1458 1272 1492 fons
1293 1460 1472 1502 hortorum,

921 1507 1141 1541 Interventrix
1169 1510 1377 1548 peccatorum

970 1557 1009 1590 In
1033 1556 1189 1589 virtutum
1214 1558 1308 1590 atria.

920 1615 1023 1648 Grata
1044 1615 1137 1657 virga
1161 1615 1305 1656 Assueri,

922 1663 1042 1697 Gratus
1067 1664 1209 1705 scyphus
1236 1664 1359 1704 Joseph
1384 1663 1465 1705 veri,

970 1712 1075 1753 Reple
1098 1714 1179 1753 potu
1200 1712 1333 1753 gratiae.

922 1770 1032 1803 Mater
1056 1770 1126 1803 veri
1152 1770 1342 1810 Salomonis,

920 1818 1060 1852 Madens
1086 1819 1189 1852 venus
1218 1817 1390 1860 Gedeonis‚

970 1868 1054 1909 Riga
1074 1871 1198 1900 mentes
1220 1867 1352 1909 jugiter.

920 1926 1014 1967 Roga
1038 1926 1148 1959 Jesum
1176 1934 1216 1958 ex
1246 1929 1279 1958 te
1303 1929 1426 1967 natum,

918 1975 957 2007 In
984 1974 1121 2008 salutem
1143 1974 1264 2008 mundo
1292 1975 1415 2017 datum,

966 2023 1016 2057 Ut
1037 2032 1097 2057 nos
1122 2023 1204 2056 ditet
1225 2021 1365 2058 fiamine.

919 2084 993 2115 Ave
1016 2091 1138 2125 sponsa
1162 2092 1181 2115 o
1205 2082 1312 2124 beata,

921 2131 1026 2172 Super
1051 2131 1166 2165 choros
1192 2131 1337 2165 exaltata

969 2181 1168 2221 Angelorum
1194 2181 1334 2215 domina.

922 2238 1057 2272 Sursum
1082 2239 1193 2282 ducas,
1219 2248 1239 2272 0
1264 2239 1382 2282 Maria,

921 2288 990 2321 Nos
1007 2288 1049 2321 ad
1068 2287 1244 2330 Christum,
1270 2289 1324 2330 qui
1341 2293 1392 2322 est,
1408 2289 1473 2333 via,

964 2337 1042 2370 Vita
1066 2336 1136 2370 sine
1162 2337 1279 2379 spatio.

206 2419 292 2448 Miss.
314 2427 368 2446 mS.
382 2418 589 2447 Lambacense
603 2416 757 2446 CLXXIX
780 2424 857 2445 saec.
880 2414 924 2445 14.
954 2415 1014 2445 Mit
1027 2415 1099 2444 Mel.
1114 2431 1152 2436 -—
1168 2414 1221 2451 lb,
1242 2414 1262 2444 4
1281 2416 1373 2455 Virgo
1391 2418 1472 2446 vitis.

182 2479 313 2505 breves,
329 2476 477 2505 Sequentiae
490 2475 608 2500 luminae.
639 2474 683 2499 111.

1283 2465 1300 2496 7
