1652 2678
768 105 1035 141 *312—

259 208 316 241 7a.
338 207 394 240 Sic
417 207 558 239 secundo
584 206 661 238 huic
684 206 833 245 apparet,
955 202 1016 236 7b.
1037 202 1180 235 Rursum
1204 202 1320 241 patens
1346 198 1432 232 hunc
1449 199 1569 241 repetit

342 255 414 288 Nec
438 255 498 287 hac
523 254 594 288 vice
618 254 668 286 illi
692 255 796 293 paret,
1039 251 1105 284 Cur
1129 258 1193 282 non
1219 248 1294 289 egit,
1321 248 1408 281 hunc
1432 247 1561 289 impetit

390 303 460 336 Nec
485 303 561 344 agit,
588 303 673 342 quod
699 300 832 341 petitur.
1085 297 1131 329 Et
1154 296 1250 329 minis
1275 296 1464 338 exquiritur.

261 363 317 396 8a.
342 362 406 396 me
430 370 535 393 moras
560 362 638 391 tunc
662 358 793 398 repellit
953 355 1014 390 81).
1039 355 1184 396 Corpora
1210 363 1281 387 cum
1304 355 1477 396 invenerit,

343 410 413 443 Nec
437 409 574 449 amplius
597 407 691 439 illum
716 404 812 447 fallit,
1038 403 1195 443 Stephani
1221 402 1391 445 quomodo,
1417 402 1553 444 quaerit,

387 457 481 490 Prius
507 455 567 488 sed
591 454 784 497 sciscitatur,
1085 451 1209 492 Corpus
1235 454 1494 492 recognoscatur.

259 517 317 551 9a.
342 514 453 554 Vides,
478 512 593 554 inquit,
620 512 679 545 hos
706 512 860 552 calathos,
954 508 1013 544 9b.
1035 510 1074 543 In
1099 518 1162 550 quo
1187 509 1340 542 rubentes
1366 512 1442 542 sunt
1461 518 1565 552 rosae,

340 563 466 595 Aureos
492 561 575 594 rosis
600 561 742 601 repletos
1036 558 1207 598 Reliquiae
1232 562 1308 592 sunt
1332 557 1476 591 famosae

387 610 605 650 Quartumque
630 611 827 650 argenteum,
1082 605 1250 647 Stephani,
1273 607 1368 647 juxta
1393 614 1465 639 eum

234 670 316 704 10a.
343 667 523 706 Nicodemi,
550 665 707 699 auditoris
931 663 1013 698 10b.
1034 664 1080 697 Et
1093 672 1187 705 quem
1205 664 1296 697 vides
1315 672 1409 697 croco
1422 665 1566 706 plenum,

341 717 362 750 J
364 724 420 748 esu
446 714 566 747 Christi
591 714 762 747 salvatoris
1035 712 1177 745 Abibam
1202 715 1363 745 monstrat
1387 721 1547 754 serenum,

386 764 426 797 In
452 762 628 804 evangelio,
1085 760 1166 793 Cum
1192 769 1253 802 quo
1280 769 1339 802 ego
1366 761 1502 797 dormio,

234 821 277 857 11
287 831 317 854 a.
342 821 441 854 Mane
465 819 551 852 facto
577 819 639 852 hoc
664 819 798 861 revelat,
929 818 1012 854 11b.
1035 818 1142 851 Ambo
1167 817 1263 851 simul
1288 819 1358 851 sine
1381 828 1473 852 mora

339 869 410 901 Nec
432 868 562 900 unicum
586 867 721 900 verbum
747 869 831 900 celat
1036 866 1225 900 Sanctorum
1252 867 1363 899 levant
1388 875 1526 907 corpora

376 916 517 950 Johanni
541 915 697 957 pontifici.
1084 914 1200 948 Laude
1227 923 1299 946 cum
1324 914 1508 955 multiplici.

234 967 315 1000 12a.
341 965 463 997 Tantus
490 965 573 997 odor
597 966 674 996 tunc
697 962 858 1007 flagravit,
929 962 1013 997 121).
1038 963 1150 996 Caecis
1175 963 1284 995 lumen
1309 962 1503 1003 infunditur,

341 1013 402 1053 Qui
427 1013 461 1044 in
488 1012 612 1045 coelum
639 1012 810 1053 emanavit,
1034 1011 1200 1044 Mutorum
1225 1011 1335 1052 lingua
1359 1011 1506 1052 solvitur,

340 1060 432 1101 Quod
458 1068 595 1102 corpora
619 1062 697 1093 tunc
722 1060 849 1093 sanavit
1036 1059 1177 1092 Auditus
1203 1059 1311 1092 surdis
1337 1059 1503 1101 panditur,

389 1109 564 1150 Sexaginta
590 1111 622 1141 et
646 1108 721 1144 tria.
1082 1108 1252 1149 Fugantur
1278 1107 1456 1141 daemonia.

233 1168 278 1203 13
286 1176 315 1199 a.
343 1166 482 1200 Gressus
495 1166 621 1199 claudis
631 1167 867 1199 tuncredditur
927 1165 1012 1200 13¹0.
1034 1166 1060 1199 Ο
1086 1164 1262 1206 Stephane,
1288 1167 1414 1206 martyr
1431 1165 1566 1207 Christi,

341 1215 493 1255 Languor
518 1215 619 1247 omnis
643 1214 842 1254 reprimitur,
1036 1213 1097 1253 Qui
1119 1213 1261 1246 Judaeos
1288 1213 1437 1247 devicisti

341 1262 433 1302 Quod
450 1263 520 1303 quis
538 1262 631 1303 petit,
658 1263 719 1294 hoc
736 1261 865 1303 fruitur,
1030 1262 1077 1295 Et
1099 1261 1231 1294 Domini
1255 1262 1402 1294 meruisti

389 1310 466 1350 Quis
491 1310 617 1343 audivit
640 1310 736 1343 talia!
1080 1309 1210 1343 Primus
1237 1309 1327 1342 bella
1353 1313 1497 1351 certare3

233 1370 313 1403 14a.
342 1368 436 1400 Nunc
460 1368 503 1401 ad
527 1370 583 1400 tua
608 1368 729 1400 auxilia
927 1367 1009 1402 14b.
1031 1368 1058 1401 O
1086 1368 1227 1400 consocii
1253 1376 1400 1409 coronae,

339 1417 513 1450 Currentes
538 1419 571 1448 te
595 1424 693 1456 prece
717 1417 773 1456 pia
1034 1415 1129 1448 Nunc
1155 1418 1317 1449 certantes
1342 1417 1377 1449 in
1401 1426 1514 1458 agone,

340 1463 515 1508 Poscimus,
543 1466 580 1496 ut
605 1464 759 1497 coelestia
1034 1464 1216 1504 Participes
1242 1464 1329 1497 vitae
1354 1465 1458 1497 bonae

387 1511 502 1545 Facias
528 1515 710 1553 penetrare.
1083 1511 1229 1546 Faciatis
1251 1512 1383 1554 jugiter.

600 1570 654 1604 15.
679 1570 728 1604 Ut
751 1570 912 1611 possimus
936 1569 1078 1603 trabeati

681 1618 727 1652 Et
753 1619 881 1653 coronis
906 1618 1046 1651 laureati

681 1666 803 1708 Regem
829 1667 941 1700 videre
967 1666 1054 1699 beati

731 1715 812 1749 Cum
836 1715 929 1748 vobis
953 1715 1152 1757 perenniter.

306 1792 391 1820 Miss.
417 1801 471 1820 ms.
496 1791 654 1820 Aeduense
679 1800 755 1820 saec.
783 1791 828 1821 15
857 1791 927 1820 Cod.
951 1791 1062 1820 Semin.
1102 1792 1250 1821 Aeduens.
1281 1790 1344 1821 115.
1365 1792 1401 1821 A.
1424 1808 1460 1812 —
1480 1794 1566 1822 Miss-

230 1841 284 1860 ms.
305 1830 461 1859 Aeduense
482 1840 558 1859 saec.
580 1828 626 1859 25.
649 1830 720 1859 Ood.
742 1831 852 1859 Semin.
874 1831 1021 1860 Aeduens.
1047 1828 1111 1859 117.
1132 1831 1166 1859 B.
1180 1831 1317 1860 —Miss.
1341 1840 1394 1860 ms.
1409 1832 1568 1861 Aeduense

232 1878 310 1899 saec.
333 1867 368 1898 15
395 1879 439 1899 ex.
461 1869 532 1898 Cod.
553 1869 664 1898 Semin.
684 1869 833 1898 Aeduens.
859 1867 923 1898 124.
945 1870 978 1899 C.
999 1884 1036 1888 —
1057 1870 1147 1899 Grad.
1170 1879 1224 1898 ms.
1246 1870 1402 1900 Aeduense
1422 1880 1499 1900 saec.
1523 1868 1569 1899 15.

233 1908 304 1938 Cod.
320 1908 430 1937 Semin.
444 1909 592 1938 Aeduens.
613 1918 636 1937 s.
658 1910 734 1944 sign.
748 1910 785 1937 D.
798 1925 837 1930 —-
851 1906 905 1944 31),
929 1907 944 1937 1
958 1909 1038 1937 Pace
1059 1908 1169 1937 mundo
1183 1910 1245 1938 AB.
1260 1926 1298 1929 —
1313 1907 1366 1946 8b,
1390 1907 1407 1937 2
1423 1910 1569 1948 Stephani

230 1947 351 1985 quando
374 1948 433 1977 AB.
516 1946 585 1982 102,
607 1946 625 1977 3
647 1950 714 1976 eine
734 1947 819 1977 Silbe
839 1957 877 1975 zu
895 1948 995 1984 wenig
1014 1946 1130 1977 ABCD.

612 2080 674 2113 415.
714 2079 751 2112 In
770 2080 955 2114 Inventione
976 2089 999 2113 s.
1021 2081 1188 2124 Stephani.

234 2160 291 2193 la.
318 2159 397 2192 Dies
423 2160 518 2192 adest
541 2161 694 2203 gratiosa,
932 2161 992 2196 11).
1015 2162 1116 2203 Quam
1142 2162 1184 2195 ab
1210 2162 1292 2196 urbe
1318 2163 1522 2197 Constantini

316 2208 355 2240 In
380 2216 443 2249 qua
467 2209 574 2248 prima
597 2210 677 2242 coeli
702 2218 777 2242 rosa
1014 2210 1205 2244 Potentatus
1233 2211 1280 2244 vis
1309 2212 1412 2245 divini

368 2256 511 2289 Primum
534 2258 658 2290 Romae
681 2255 802 2299 floruit,
1063 2260 1297 2301 Transportari
1320 2260 1434 2295 voluit.

232 2315 290 2347 2a.
316 2313 381 2346 Hic
406 2317 455 2346 est
480 2314 601 2347 Christi
625 2317 814 2356 prototestis
930 2315 991 2351 21).
1014 2318 1115 2358 Quem
1140 2327 1202 2351 nec
1226 2316 1319 2351 furor
1342 2319 1549 2359 lapidantum

317 2361 417 2401 Quem
442 2361 604 2395 furentum
632 2364 705 2397 dira
729 2365 831 2405 pestis
1013 2366 1084 2399 Nec
1107 2375 1258 2399 saxorum
1285 2368 1513 2411 crepitantum,

364 2410 404 2443 In
428 2409 556 2444 Judaea
579 2411 715 2452 subruit,
1062 2415 1134 2448 Nec
1158 2424 1244 2448 mors
1270 2415 1343 2456 ipsa
1366 2416 1494 2451 terruit.
