1652 2678
773 104 1037 140 —174‘

237 205 296 239 4a,
322 202 410 235 Miro
436 203 532 235 modo
558 203 691 235 visitata
936 202 997 235 4b.
1021 200 1110 239 Quae
1135 198 1169 230 in
1192 206 1300 231 rorem
1319 201 1395 231 sunt
1413 207 1582 237 conversa,

322 251 387 283 Per
413 251 606 290 columbam,
633 251 681 283 sic
706 250 820 282 sedata
1023 247 1095 280 Non
1124 248 1174 279 est
1197 249 1305 278 tamen
1330 246 1408 279 hinc
1425 255 1583 279 conversa

374 298 490 331 Statim
516 301 592 331 sunt
616 298 778 339 incendia,
1072 293 1241 328 Praesidis
1267 294 1405 327 insania.

242 359 298 391 5a.
326 355 392 389 Sed
417 357 452 389 in
476 357 581 397 ipsam
606 356 709 396 magis
734 355 849 395 saevit,
940 354 998 388 5b.
1022 352 1077 385 Sic
1102 351 1146 383 ad
1172 360 1326 392 sponsum
1344 361 1466 393 sponsa
1484 351 1583 388 venit,

323 404 490 437 Decollari
514 413 590 436 mox
617 403 761 435 decrevit
1027 400 1128 439 Quem
1153 409 1214 440 pro
1237 400 1330 432 nobis
1357 409 1454 432 orans
1480 399 1560 432 lenit

371 452 452 492 Ejus
477 452 516 484 ob
542 451 772 491 constantiam3
1076 448 1287 488 Impetrando
1313 448 1452 481 veniam.

316 526 401 555 Miss.
430 535 484 554 ms.
511 526 696 554 Ebroicense
723 533 799 553 saec.
829 523 873 553 15.
902 523 973 553 Cod.
1000 523 1177 552 Ebroieens.
1207 521 1253 551 99.
1280 523 1315 551 A.
1346 539 1386 543 --
1414 524 1502 551 Miss.
1529 532 1585 552 ms.

239 564 423 594 Ebroicense
443 573 520 593 saec.
543 562 587 592 14.
611 563 682 591 Cod.
705 563 917 600 Rotomagens.
939 560 1006 591 304.
1027 562 1061 590 B.

622 686 691 718 229.
732 687 776 718 De
798 694 822 718 s.
843 686 983 718 Firmino
1005 684 1198 718 confessore.

243 771 299 804 la.
326 769 433 801 Adest
456 768 549 800 nobis
578 768 648 800 dies
674 770 777 809 grata.
945 768 1003 801 1b.
1028 767 1099 806 Qua
1122 766 1287 799 Firminus
1308 767 1481 800 Ambianis

324 816 404 849 Dies
433 816 488 849 diu
512 818 716 857 praeoptata,
1028 815 1084 847 Ad
1112 816 1240 848 divinos
1265 815 1307 848 ab
1334 816 1483 848 humanis

373 864 452 896 Dies
480 864 578 905 digna
601 864 766 905 laudibus,
1077 864 1204 904 Raptus
1231 867 1282 896 est
1303 865 1525 905 adspectibus.

241 926 299 958 2a‚
326 922 391 955 Hic
415 921 574 963 praefecti
600 922 691 955 urbis
716 925 812 955 natus
944 921 1004 955 2b.
1025 921 1133 953 Renes
1150 930 1285 954 servans
1306 924 1339 954 et
1352 931 1408 954 cor
1420 922 1586 962 mundum,

325 971 528 1003 Adolescens
555 971 758 1011 amplexatus
1028 969 1118 1001 Vicit
1143 978 1283 1011 carnem,
1310 971 1391 1003 vicit
1414 971 1579 1011 mundum,

375 1019 566 1052 Literarum
589 1019 709 1059 studia,
1080 1018 1169 1051 Vicit
1188 1020 1221 1050 et
1245 1019 1423 1052 daemonia.

244 1080 304 1112 3a.
332 1076 509 1110 Juventute
533 1076 732 1117 pubescente
947 1076 1008 1110 3b.
1031 1075 1107 1108 Lite
1134 1077 1241 1108 carnis
1268 1077 1457 1118 praesopita

329 1124 440 1158 Crevit
465 1134 574 1166 carne,
605 1125 709 1157 crevit
730 1128 850 1166 mente,
1029 1123 1170 1165 Magnus
1197 1128 1281 1166 ortu,
1307 1126 1412 1166 major
1439 1127 1515 1168 vita,

378 1173 490 1206 Crevit
511 1183 637 1206 morum
663 1174 778 1214 gratia,
1077 1172 1242 1206 Maximus
1265 1174 1405 1214 justitia.

243 1234 276 1266 4:
296 1259 303 1265 .
332 1231 424 1270 Quod
447 1231 613 1263 Firminus
637 1231 673 1263 in
698 1231 818 1264 sudore
947 1231 1007 1264 4b.
1029 1230 1095 1263 Hic
1121 1232 1299 1265 succedens
1325 1233 1360 1264 in
1385 1233 1561 1266 haeredem

327 1279 459 1320 Martyr
484 1280 569 1312 sevit
595 1282 628 1311 et
653 1288 768 1312 cruore
1029 1279 1201 1312 Ambianis
1226 1284 1341 1313 nactus
1366 1282 1479 1314 sedem

376 1327 464 1360 Fuso
490 1337 550 1368 pro
578 1328 725 1367 ecclesia,
1080 1328 1219 1361 Messuit
1245 1330 1279 1361 in
1306 1330 1420 1371 gloria.

245 1387 302 1419 5a.
330 1385 383 1417 Ab
409 1388 547 1426 utroque
570 1386 742 1418 sacerdote
947 1386 1006 1420 5b.
1031 1385 1124 1425 Quod
1150 1386 1179 1418 si
1203 1390 1317 1427 penset
1346 1396 1385 1420 ex
1411 1388 1548 1429 aequali,

329 1434 500 1466 Illustrata
523 1434 613 1466 clara
640 1434 716 1467 dote
1030 1435 1132 1467 Flore
1154 1439 1269 1468 vernat
1296 1437 1432 1477 speciali

379 1481 509 1514 Gaudet
535 1482 790 1524 Sommonobria‚
1079 1483 1204 1516 Horum
1234 1493 1274 1517 ex
1298 1486 1495 1526 praesentia.

247 1542 303 1575 621.
330 1539 395 1572 Hic
420 1539 615 1581 Lugdunum
641 1544 857 1581 consecratus,
948 1542 1007 1577 6b,
1028 1541 1096 1574 Ubi
1122 1542 1214 1583 gravi
1238 1543 1298 1575 sub
1327 1552 1463 1576 censura

330 1588 466 1621 Romam
491 1589 563 1621 adit
588 1592 802 1622 commoratus
1032 1589 1147 1623 Carnis
1172 1594 1280 1623 motus
1306 1592 1379 1633 lege
1405 1593 1488 1625 dura

379 1636 458 1670 Cum
482 1647 570 1678 papa
593 1638 724 1680 Vigilio,
1080 1639 1215 1671 Domuit
1239 1641 1389 1674 triennio.

250 1697 305 1729 7a.
334 1694 410 1727 Solo
436 1695 530 1728 datus
556 1696 633 1728 hinc
657 1697 769 1738 natali,
950 1699 969 1731 7
977 1698 1009 1731 b.
1036 1696 1125 1730 Coeli
1151 1701 1276 1740 patent,
1306 1702 1338 1731 et
1363 1699 1509 1732 oblatum

331 1743 503 1776 Ambianis
528 1745 562 1776 in
587 1745 737 1785 paschali
1033 1745 1161 1779 Dextra
1184 1747 1248 1779 Dei
1271 1757 1386 1781 munus
1408 1751 1536 1790 gratum

379 1792 465 1825 Dum
491 1796 637 1825 sacraret
661 1796 818 1835 tempore,
1084 1796 1262 1829 consecrat
1287 1797 1328 1830 ab
1355 1798 1497 1831 aethere.

248 1852 305 1885 Sa.
334 1850 466 1892 Caecos‚
479 1851 621 1893 claudos,
632 1853 760 1894 surdos,
771 1855 888 1897 mutoS,
949 1854 1009 1888 8b.
1034 1853 1201 1886 Christum
1228 1864 1304 1896 ergo
1331 1864 1513 1898 exoremus,

333 1898 399 1931 Sed
425 1902 457 1931 et
483 1901 612 1940 quosvis
640 1901 815 1934 dissolutos
1032 1901 1081 1935 Ut
1107 1903 1259 1943 dimissis,
1288 1913 1372 1944 quae
1396 1906 1557 1947 timemus,

329 1947 448 1980 Morbo
475 1949 574 1981 solvit
598 1952 631 1980 et
655 1949 777 1982 solutos
1035 1951 1116 1983 Cum
1141 1951 1289 1983 Firmino
1317 1953 1517 1987 exsultemus

383 1996 449 2030 Sua
473 2000 583 2029 servat.
610 1998 725 2038 gratia.
1081 1999 1121 2030 In
1147 1999 1280 2030 coelesti
1305 2001 1424 2040 patria.

325 2070 410 2099 Miss.
432 2080 487 2100 ms.
509 2072 713 2101 Ambianense
737 2081 814 2101 saec.
840 2071 884 2101 15.
907 2073 978 2101 Cod.
998 2072 1191 2101 Ambianens.
1216 2071 1279 2102 163.
1302 2075 1337 2104 A.
1358 2091 1398 2096 —
1417 2078 1504 2108 Miss.
1524 2080 1594 2108 Am-

248 2110 391 2138 bianense
410 2111 482 2147 imp.
504 2111 666 2148 Rotomagi
687 2109 762 2139 1506
784 2112 817 2139 B.
839 2126 876 2131 —
895 2112 980 2139 Miss.
1001 2111 1205 2139 Ambianense
1224 2113 1296 2150 imp.
1310 2114 1438 2145 Parisiis
1461 2116 1546 2147 1529,
1563 2119 1594 2147 0,

652 2233 721 2265 230.
763 2233 807 2264 De
828 2241 854 2265 s.
875 2233 1014 2265 Firmino
1035 2232 1189 2272 Martyre.

253 2312 309 2347 la.
339 2313 446 2346 Uvam
472 2315 578 2348 calcat
601 2315 772 2347 Ambianis
952 2315 1012 2349 1b.
1039 2314 1114 2347 Uva
1137 2324 1253 2355 pressa
1278 2321 1434 2354 torculari

335 2359 407 2392 Sibi
431 2362 564 2394 missam
590 2363 631 2395 ab
656 2363 814 2403 Hispanis
1039 2362 1082 2396 Se
1106 2367 1309 2403 prementem
1334 2368 1472 2402 salutari

383 2408 435 2440 De
460 2409 581 2442 Christi
605 2412 796 2452 propagine,
1085 2411 1256 2451 Respersit
1285 2414 1468 2451 dulcedine.
