1652 2678
685 105 952 142 --306μ

174 208 232 240 4a.
262 205 425 238 Christum
441 205 526 245 gerit
537 204 597 236 sub
613 203 785 244 chlamide,

259 253 307 287 Ut
331 253 464 286 roboret
488 261 566 294 quos
589 252 624 284 in
648 250 714 284 fide

306 301 443 335 Videret
468 299 616 333 deficere.

175 360 231 393 5a.
258 358 433 392 Mulierum
457 358 682 390 blandimenta

255 407 504 446 Transitivaque
527 408 688 438 tormenta

306 455 429 489 Suadet
452 462 616 494 respuere.

175 515 231 547 6a.
259 512 314 545 Sic
336 512 458 544 animas
477 510 605 544 Christo
631 511 785 551 reddunt,

256 560 342 592 Dum
367 569 387 591 a
411 558 477 592 fide
500 568 566 592 non
590 559 750 592 recedunt

302 607 348 640 Et
372 608 487 640 vivunt
510 616 570 648 per
594 608 733 640 saecula.

174 669 230 701 7a.
256 665 354 698 Miles
381 664 503 698 Christi
526 664 713 705 accersitur,

253 713 442 747 Accersitus
467 713 660 753 producitur

303 762 359 794 Ad
382 761 633 804 Diocletianum,

171 821 230 854 ea.
256 818 303 851 Ob
330 820 392 852 hoc
416 821 530 851 trunco
555 818 642 851 hunc
667 819 773 860 ligari,

255 867 434 910 Alligatum
461 867 609 908 sagittari

302 915 401 949 Jubet
422 924 442 947 a
466 915 635 956 militibus,

173 975 231 1007 9a.
258 973 365 1006 Nocte
388 973 494 1014 prima
519 973 695 1006 suscitatur

256 1021 302 1054 Et
326 1021 484 1062 pristinae
508 1022 596 1054 vitae
623 1021 718 1054 datur

255 1069 473 1111 Augustisque
498 1072 678 1102 ostentatur

291 1118 330 1150 In
357 1118 472 1150 horum
497 1118 630 1158 palatio.

148 1176 192 1210 10
200 1185 230 1210 a.
256 1175 381 1208 Rursus
402 1175 518 1215 jubent
542 1175 629 1207 hunc
652 1175 749 1218 ligari

253 1223 299 1256 Et
324 1223 449 1256 tamdiu
475 1223 634 1264 fustigari,

252 1270 366 1303 Donec
391 1271 504 1304 vident
529 1271 747 1304 commendari

302 1317 459 1360 Spiritum
484 1320 519 1351 in
542 1319 693 1353 Domino.

148 1377 190 1411 11
200 1386 229 1410 a.
256 1376 281 1409 O
308 1376 401 1409 miles
427 1375 627 1416 Sebastiane,

252 1424 351 1458 Istius
378 1426 464 1458 vitae
488 1423 645 1465 profanae

254 1471 370 1513 Dirige
394 1472 540 1505 semitam
565 1473 663 1513 plane

301 1521 357 1553 Ad
383 1521 465 1553 coeli
489 1521 622 1562 palatia.

870 202 934 236 41).
953 201 1071 235 Marco
1097 204 1127 233 et
1152 200 1369 234 Marcelliano

954 249 1147 282 volentibus
1173 249 1233 281 sub
1259 247 1398 290 profano

991 297 1109 331 Judice
1134 298 1334 338 mollescere,

871 355 932 390 5b.
956 356 1041 389 Dum
1066 355 1101 387 in
1124 353 1191 388 fide
1215 355 1422 396 roborantur,

953 404 1017 437 Per
1041 404 1147 436 latera
1171 402 1414 437 transforantur

1000 452 1140 485 Lanceis
1167 455 1200 485 et
1223 461 1362 487 vomere.

871 509 930 545 6b.
953 511 1047 543 Haec
1069 509 1234 543 interdum
1260 519 1331 543 cum
1347 512 1487 552 aguntur

950 558 996 591 Et
1021 567 1081 599 per
1105 562 1252 591 sanctum
1273 558 1485 600 proferuntur

1003 606 1165 641 Coelestia
1188 607 1320 648 pabula,

870 665 928 699 7b.
953 664 1014 704 Qui
1038 663 1151 697 furore
1177 665 1387 707 debachatur,

953 713 1088 752 Quando
1115 713 1210 746 miles
1237 713 1358 747 Christi
1384 712 1483 754 fatur,

999 763 1086 795 Fore
1112 770 1148 793 se
1174 762 1402 795 Christianum.

868 819 929 854 8b.
951 818 1084 860 Martyr
1110 819 1214 853 dulcis
1239 819 1277 852 fit
1300 811 1441 853 invictus

951 866 1089 900 Manens
1114 867 1220 900 victor
1243 868 1330 900 inter
1353 869 1449 909 ictus,

1002 915 1130 948 Cedunt
1153 915 1263 948 hostes
1286 916 1416 949 ictibuS.

870 972 929 1007 9b.
951 973 1006 1006 Ad
1026 982 1105 1013 quos
1118 976 1244 1013 martyr
1258 973 1482 1014 conqueritur:

955 1021 1093 1062 Sanguis
1120 1029 1177 1053 cur
1202 1023 1312 1053 tantus
1337 1020 1486 1054 funditur

955 1068 1210 1110 Sanctorumque
1234 1069 1414 1102 destruitur

1004 1117 1208 1150 Christorum
1232 1117 1357 1158 religio.

846 1175 932 1210 lOb.
954 1175 1039 1208 Dum
1065 1175 1113 1207 sic
1136 1178 1263 1216 martyr
1287 1175 1471 1216 sagittatur,

955 1222 1085 1256 Coelum
1111 1223 1174 1256 sibi
1199 1226 1366 1256 reseratur

951 1271 998 1304 Et
1022 1281 1083 1312 pro
1108 1272 1222 1312 poenis
1247 1272 1450 1312 praemiatur

1002 1320 1206 1360 Sempiterno
1232 1320 1361 1361 gaudio.

845 1376 888 1411 11
897 1377 929 1409 b.
950 1376 1044 1409 Tolle
1053 1379 1190 1419 pestem,
1201 1377 1342 1418 morbos,
1352 1380 1485 1419 morteS,

951 1424 1111 1458 Lubricos
1137 1428 1245 1458 aestus
1272 1428 1305 1457 et
1329 1425 1432 1459 fortes

951 1473 995 1506 Et
1021 1477 1207 1507 sanctorum
1232 1472 1286 1507 fac
1309 1477 1475 1508 consortes

1000 1523 1079 1556 Post
1104 1523 1271 1555 mundana
1293 1523 1450 1563 praemia.

219 1596 304 1623 Miss.
323 1605 378 1624 ms.
398 1596 554 1625 Aeducnse
574 1603 643 1625 saec
675 1595 697 1625 1!
733 1605 777 1625 ex.
798 1596 870 1626 Cod.
892 1597 1003 1626 Semin.
1021 1598 1170 1627 Aeduens.
1193 1596 1249 1627 120
1272 1598 1310 1627 A.
1332 1615 1373 1620 ·—
1394 1598 1484 1627 Grad-

142 1643 196 1663 ms.
212 1634 368 1663 Aeduense
388 1643 464 1663 saec.
488 1633 532 1663 15.
555 1635 625 1663 God.
648 1637 758 1664 §emin-
779 1636 927 1665 Aeduens.
948 1645 972 1664 s.
993 1638 1068 1673 sign.
1091 1637 1125 1665 B.

559 1776 629 1808 407.
671 1777 715 1809 De
736 1779 845 1810 sancto
867 1777 1064 1810 Sebastiano.

144 1858 202 1891 la.
228 1857 301 1890 Ave
325 1860 461 1899 martyr,
488 1866 548 1891 ave
572 1858 676 1901 miles,

277 1905 466 1939 Sebastiane
491 1909 627 1947 sacrate,

226 1954 281 1987 Ad
306 1958 340 1987 te
366 1954 509 1988 venimus
535 1953 671 1998 flebiles,

274 2002 432 2036 Juvamen
457 2006 572 2044 petere
596 2014 616 2037 a
640 2006 684 2039 te.

143 2063 200 2095 2a.
227 2061 283 2093 Ad
311 2064 346 2093 te
369 2060 484 2095 fientes
509 2062 705 2096 recurrimus

277 2109 453 2151 sperantes
478 2113 535 2143 tua
557 2111 690 2153 virtute,

226 2158 292 2191 Ora
318 2158 492 2200 Christum,
518 2162 552 2191 te
576 2161 750 2201 poscimus,

276 2206 340 2240 Pro
364 2209 476 2240 nostra
500 2217 630 2250 semper
654 2209 770 2242 salute.

142 2264 200 2297 3a.
227 2263 307 2296 Noli
331 2274 389 2297 nos
414 2265 449 2297 in
473 2268 507 2298 te
532 2269 702 2306 sperantes

273 2312 471 2354 Relinquere
497 2314 670 2359 desolatos,

226 2359 292 2393 Sed
316 2364 350 2393 te
376 2362 475 2394 corde
497 2366 690 2396 venerantes

842 1860 902 1894 lb.
924 1860 1006 1902 Ave,
1033 1869 1108 1901 spes
1133 1864 1247 1894 nostra
1271 1861 1378 1903 unica,

973 1910 1056 1951 Ave,
1082 1912 1229 1942 nostrum
1255 1908 1428 1952 refugium,

927 1956 1092 1990 Christum
1116 1967 1177 1998 pro
1203 1958 1297 1991 nobis
1323 1960 1475 2000 supplica

975 2006 1097 2040 Contra
1125 2007 1228 2047 pestis
1254 2007 1452 2043 incendium.

841 2063 902 2098 2b.
926 2063 1090 2096 Succurre
1112 2064 1341 2099 invocantibus

972 2112 1100 2146 Nomen
1125 2115 1217 2146 tuum
1242 2116 1276 2146 et
1297 2114 1452 2155 juvamen

924 2160 970 2193 Et
996 2162 1038 2194 da
1062 2162 1097 2194 in
1121 2164 1155 2194 te
1178 2163 1387 2204 sperantibus

973 2209 1178 2244 Infirmitatis
1200 2212 1359 2247 levamen.

840 2266 899 2301 3b.
922 2267 953 2300 A
980 2269 1111 2303 Christo
1139 2270 1309 2302 obtinuisti

972 2318 1004 2349 A
1029 2317 1090 2350 tali
1113 2319 1228 2351 morbo
1252 2328 1381 2360 sanare,

926 2364 1020 2403 Quod
1045 2369 1081 2397 tu
1107 2367 1209 2407 gratis
1233 2368 1401 2409 accepisti,

273 2408 391 2442 Redde
413 2418 543 2451 semper
568 2412 714 2444 consolat
974 2413 1131 2446 Precibus
1158 2415 1239 2448 velis
1266 2415 1399 2450 donare.

547 2493 686 2678 kg&
765 2622 920 2647 οοιιερε
1049 2564 1112 2663 ἑ
