1652 2678
643 117 688 122 —-
741 97 908 134 163-—

126 194 186 227 6a.
216 193 364 228 Pueriles
391 203 473 236 puer
497 204 610 229 manus

210 242 308 276 Ocelo
331 244 487 276 tendens:
515 244 719 277 Christianus

261 291 332 333 Ego
359 301 440 333 sum,
463 292 660 334 ingeminat;

126 350 189 382 721.
217 349 326 384 Mater
349 350 445 382 timet
468 353 503 382 et
526 353 668 394 veretur,

211 397 263 430 Ne
288 398 373 438 quod
396 406 479 439 puer
505 397 685 439 confitetur,

258 445 399 479 Deserat
424 447 618 486 perterritus
629 458 637 486 ς

127 504 186 537 Sa.
214 505 309 538 Juste
335 503 434 547 Deus,
460 504 508 536 nil
535 505 722 545 contemnis,

211 553 298 586 Puer
323 555 394 584 erat
415 553 469 585 vix
495 552 633 585 triennis

260 601 299 633 In
324 603 432 634 aetate
457 599 624 642 parvulus,

128 658 183 692 9a.
212 657 324 691 Sancti
346 657 409 691 Dei
436 658 631 699 cruciantur,

211 705 255 738 Et
282 706 413 738 diversa
437 705 605 739 variantur

257 754 505 786 Tormentorum
532 763 660 795 genera,

102 811 184 846 1021.
213 811 267 844 Sic
291 811 326 844 in
350 810 417 844 fide
442 814 668 852 permanentes

212 860 259 894 Et
281 860 407 893 immoti
431 860 645 901 persistentes

258 907 352 941 Passi
377 911 451 941 sunt
476 909 679 950 martyrium,

828 196 886 231 6b.
916 196 1019 229 Vitam
1045 196 1150 229 carnis
1182 197 1251 229 vult
1277 196 1367 230 exire

911 244 958 278 Et
979 244 1050 277 vult
1075 245 1174 278 vitam
1195 245 1344 285 introire,

960 293 1061 333 Quam
1086 291 1159 326 finis
1184 302 1249 326 non
1275 293 1440 326 terminat.

828 351 887 385 7b.
914 351 976 385 Ille
1000 355 1136 384 matrem
1162 352 1345 384 consclatur

909 398 955 432 Et
980 400 1023 432 acl
1045 400 1187 440 palmam
1213 400 1402 432 exhortatur

955 447 1197 488 Repromissam
1224 447 1368 480 coelitus.

828 504 889 538 8b.
913 505 979 539 Sed
1003 506 1037 538 in
1063 515 1158 538 sensu
1179 505 1318 546 juvenili

909 552 975 586 Sub
1002 557 1109 586 aetate
1133 554 1252 595 puerili

961 601 1082 635 Christi
1107 602 1211 634 cultor
1235 601 1378 634 sedulus„

832 657 890 693 9b.
912 659 1014 692 Simul
1040 660 1134 693 ambo
1159 659 1373 701 gratulantur,

911 707 1012 740 Simul
1039 708 1133 740 ambo
1161 708 1374 748 decollantur,

964 755 1066 789 Simul
1091 756 1252 789 scandunt
1274 755 1417 789 aethera.

803 813 885 846 101).
908 813 986 846 Illos
1013 812 1131 846 fratres
1157 823 1347 848 veneremur

909 861 954 893 Et
979 870 1088 894 eorum
1118 862 1328 902 deprecemur

958 908 1076 942 Devoti
1100 909 1296 951 suffragium.

102 966 144 1000 11
155 976 184 1000 a.
211 965 312 1007 Ergo,
346 966 486 1007 Christe,
513 974 573 1006 per
597 966 742 1000 laborem
802 967 845 1001 11
854 966 886 999 b.
907 967 998 1000 Tuae
1022 975 1156 1009 regnum
1180 968 1312 1009 pietatis

211 1013 311 1053 Quem
329 1018 404 1047 sunt
420 1015 510 1055 passi
528 1014 568 1048 ob
587 1015 739 1048 honorem

257 1062 319 1095 Tui
345 1062 450 1095 sancti
474 1063 625 1105 nominis,

909 1015 1012 1048 Nobis
1040 1015 1151 1048 confer
1175 1016 1356 1049 emundatis

957 1064 1052 1097 Omni
1076 1073 1162 1097 noxa
1187 1064 1341 1097 criminis.

105 1120 185 1154 1221.
213 1119 266 1154 Da
289 1123 365 1161 post
382 1123 519 1153 mortem
539 1121 740 1161 corporalem
800 1120 885 1155 12b.
906 1120 954 1154 Ut
979 1130 1047 1153 cum
1075 1121 1195 1154 sanctis
1217 1120 1437 1162 perfruamur,

211 1169 319 1201 Vitam
344 1169 437 1201 nobis
463 1169 660 1202 aeternalem

256 1217 295 1250 In
322 1216 455 1250 coelesti
479 1217 572 1259 solio,

908 1168 1048 1208 Quorum
1074 1178 1167 1209 opem
1189 1169 1412 1210 deprecamur,

955 1217 1155 1258 Angelorum
1179 1218 1307 1259 gaudio,

175 1304 261 1332 Miss.
282 1312 337 1331 ms.
352 1303 537 1332 Ebroicense
556 1311 633 1331 sacci
657 1300 701 1331 15.
719 1302 789 1332 Cod.
803 1303 979 1332 Ebroicens.
1000 1300 1047 1331 99.
1061 1318 1101 1323 —
1115 1300 1183 1336 Ha,
1206 1303 1224 1329 Δ
1239 1304 1268 1331 ol
1295 1303 1439 1332 honorem

98 1342 173 1371 fehlt
195 1343 249 1371 Hs.
273 1342 334 1370 und
351 1343 393 1370 ist
410 1342 477 1370 hier
498 1342 627 1379 ergiinzt.

493 1450 557 1483 214.
601 1450 646 1482 Dc
665 1457 707 1482 ss.
731 1449 839 1489 (lyrico
862 1453 894 1481 et
912 1448 1039 1482 Julitta.

96 1533 153 1567 la.
181 1532 306 1566 Lumen
330 1533 417 1566 vitae
442 1533 564 1565 sanctis
592 1532 714 1573 datum,

178 1581 244 1614 Res
262 1581 444 1622 praeclara,
462 1590 578 1614 munus
598 1584 736 1623 gratum,

229 1628 325 1662 Felix
353 1629 535 1671 eminentia,

97 1689 155 1723 aa.
182 1688 284 1722 Lucis
307 1688 403 1728 hujus
429 1690 617 1721 ornamento

178 1737 301 1770 Forma
328 1737 424 1769 datur
450 1735 664 1777 firmamento,

229 1784 396 1817 Firmatur
418 1784 567 1826 ecclesia,

95 1846 153 1879 Sa.
183 1843 260 1884 Quis
289 1842 451 1876 humanae
476 1845 596 1874 statum
620 1843 737 1875 mentis

178 1892 342 1927 Solidavit
366 1891 401 1924 in
426 1892 608 1931 tormentis,

227 1941 306 1981 Quis
329 1939 458 1981 subegit
482 1938 615 1972 tristia?

93 2001 152 2034 4a.
181 1999 330 2032 Christus
357 1998 444 2032 vitae
469 1997 578 2030 lumen
604 2005 715 2030 verum

177 2047 274 2082 Pacis
299 2050 423 2087 auctor,
450 2047 532 2079 ordo
557 2055 677 2086 rerum,

225 2096 289 2129 Dei
314 2095 485 2137 sapientia,

92 2158 149 2190 52.
177 2156 244 2189 Hic
267 2162 447 2195 praecones
471 2154 622 2187 veritatis

174 2204 333 2238 Eruditos
357 2204 392 2236 in
417 2202 581 2236 mandatis

223 2253 395 2287 Formavit
419 2251 568 2292 scientia,

90 2315 146 2347 6a.
174 2312 339 2346 Dedicata
362 2313 437 2344 sunt
463 2311 497 2343 in
522 2310 655 2351 sanctis,

174 2362 263 2403 Quae
292 2370 352 2403 per
377 2369 508 2394 manum
530 2358 708 2399 judicantis

222 2410 430 2445 Coronantur
454 2409 568 2451 gloria,

799 1531 858 1566 lb.
882 1531 949 1571 Quo
976 1532 1133 1565 virtutum
1154 1532 1253 1572 jubar
1279 1533 1406 1572 crescit,

881 1580 999 1622 Jugum
1024 1581 1139 1614 mortis
1165 1581 1365 1621 emarcescit,

927 1628 1043 1662 Floret
1070 1629 1264 1662 innocentia.

798 1686 858 1721 2b.
882 1687 994 1719 Stellis
1019 1687 1176 1728 splendor
1201 1686 1386 1728 ampliatur,

882 1735 1010 1768 Sanctis
1033 1736 1138 1768 honor
1164 1735 1346 1768 cumulatur

928 1783 974 1816 Et
998 1783 1127 1816 accedit
1149 1783 1264 1824 gratia.

797 1840 857 1875 3b.
881 1841 958 1882 Quis
983 1841 1139 1874 immanes
1164 1844 1375 1882 tyrannorum

881 1889 1006 1924 Pressit
1030 1892 1136 1922 motus
1162 1894 1193 1922 et
1218 1890 1376 1922 malorum

929 1937 1099 1979 Confregit
1121 1936 1285 1979 imperia?

795 1997 855 2030 41).
878 1996 941 2030 Dei
967 1997 1082 2038 virtus,
1107 2005 1167 2030 rex
1194 1997 1359 2038 virtutum,

880 2045 1022 2079 Verbum
1048 2054 1160 2086 verax,
1188 2045 1279 2086 cujus
1302 2047 1416 2078 nutum

928 2094 1175 2135 Subsequuntur
1197 2094 1313 2127 omnia.

797 2153 856 2188 5b.
882 2153 930 2187 Ut
954 2152 1106 2186 efferrent
1131 2152 1303 2185 excellenti

881 2201 994 2235 Gradu
1019 2204 1140 2234 statum
1165 2202 1351 2235 testamenti

927 2250 1033 2291 Super
1059 2249 1232 2285 sacrificia.

795 2308 853 2344 eb.
877 2308 966 2342 Hinc
989 2309 1180 2350 praeclarae
1203 2309 1383 2351 passiones,

879 2358 998 2399 Plagae
1023 2358 1137 2391 mortis
1164 2361 1196 2391 et
1221 2367 1351 2399 agones»,

925 2407 1014 2440 Hinc
1036 2415 1132 2440 sacra
1156 2407 1323 2449 martyria,

1199 2461 1258 2494 11*
