1652 2678
718 127 984 162 —234—

179 225 236 258 Sa.
263 225 375 266 Ipsum
400 226 567 258 laudemus
589 225 711 267 jugiter
876 223 936 257 8b.
961 222 1009 255 Ut
1032 230 1092 254 nos
1118 225 1250 255 ornatos
1275 219 1420 274 moribus

261 273 481 314 Deprecantes
507 273 673 305 humiliter
959 270 1027 302 Det
1052 269 1188 302 laudare
1213 271 1405 310 perenmter
1432 317 1439 323 ·

309 321 457 354 Devotae
481 321 598 353 mentis
623 320 788 360 precibus,
1005 317 1091 350 Eum
1118 327 1189 350 cum
1214 317 1337 350 sanctis
1355 316 1514 352 omnibus,

254 396 342 425 Grad.
363 405 417 423 ms.
438 396 578 431 Aug-ense
598 402 675 422 saec.
698 392 742 422 15.
765 393 837 421 Cod.
851 393 1064 428 Rotomagens.
1085 389 1151 422 250.
1173 410 1212 414 —-—
1231 394 1296 422 Das
1311 393 1385 421 Fest
1403 393 1455 421 des
1474 393 1516 421 hl.

175 434 357 462 Laurentius
377 443 438 461 von
457 433 572 461 Dublin
592 432 661 459 falli:
681 432 734 460 auf
751 432 809 460 den
830 430 875 459 14.
896 431 1074 459 November.
1108 431 1172 460 Der
1190 432 1286 461 fiinste
1305 433 1371 469 Tag
1390 431 1442 460 der
1455 431 1518 459 Ok-

174 474 232 507 tav,
255 473 307 500 der
326 470 370 500 18.
385 471 561 506 November,
581 471 623 498 ist
642 471 833 507 gleichzeitig
846 470 899 498 der
913 469 1065 506 Oktavtag
1080 469 1132 499 des
1145 471 1186 498 hl.
1201 472 1315 500 Martin
1330 480 1391 499 von
1406 471 1511 516 Tem-s,

174 510 281 539 dessen
300 511 372 538 Fest
395 518 442 537 arn
464 507 509 536 11.
523 509 692 537 November
712 509 838 545 gefeiert
849 508 939 544 wird,
963 508 1056 536 daher
1069 508 1118 536 die
1130 510 1329 546 Verbindung
1343 509 1394 538 der
1406 509 1516 538 beiden

173 549 206 577 in
227 549 324 577 dieser
345 548 488 585 SequenZ.

601 639 664 672 310.
705 641 750 672 De
770 642 879 672 sancto
900 640 1082 672 Laurentio.

763 709 817 740 Dic
843 712 936 740 sexta.

175 779 192 812 1
210 792 238 812 a.
266 778 382 812 Gaude
407 779 551 820 gaudens
578 781 611 811 et
634 779 758 813 laetare
877 779 935 813 1b.
958 780 1069 821 Teque
1096 781 1190 814 decet
1213 783 1328 816 laudes
1356 784 1435 817 dare

260 827 306 860 Et
333 827 374 859 de
399 830 454 860 tuo
480 828 646 868 gratulare
960 828 1006 861 Et
1033 829 1074 862 de
1098 832 1154 864 tuo
1181 832 1345 864 exsultare

309 876 462 919 Patrono,
488 875 659 919 Hibernia,
1008 877 1186 921 Thesauro,
1214 879 1425 915 Normannia.

174 933 230 966 fla.
256 933 354 976 Ecce,
380 933 512 974 praesul
539 933 696 975 egregius,
874 936 933 968 2a.
956 936 1049 974 Quod
1074 944 1134 969 rex
1160 938 1242 970 coeli
1266 939 1429 979 propitius

256 982 366 1022 Auget
389 982 519 1022 Augum
543 981 739 1015 Laurentius
957 983 1009 1015 Ibi
1031 988 1181 1024 praestat
1205 985 1407 1027 frequentius

309 1029 443 1062 Honore
469 1033 502 1061 et
529 1029 647 1071 gratia,
1006 1031 1148 1066 Infirmis
1174 1035 1329 1068 remedia.

175 1087 232 1120 3a.
259 1087 324 1119 Hic
348 1087 501 1120 sacerdos
528 1087 658 1132 eximii·
874 1089 932 1124 3b.
957 1089 1043 1122 Dum
1067 1099 1107 1122 ex
1130 1093 1164 1124 vi
1189 1094 1367 1126 sacerdotii

259 1136 411 1168 Imitatur
435 1135 606 1168 Laurentii
956 1138 1071 1171 Vicem
1095 1142 1186 1173 tenet
1210 1143 1362 1183 martyrii

306 1183 443 1217 Levitae
468 1184 616 1226 vestigia,
1003 1187 1086 1227 Ejus
1111 1189 1321 1224 abstinentia.

175 1241 232 1274 4a.
259 1241 357 1273 Illum
379 1241 514 1280 jubente
538 1241 640 1274 Decio
870 1243 932 1277 4b.
955 1244 1043 1276 Huic
1066 1248 1201 1288 proprio
1226 1249 1351 1289 judicio

258 1288 352 1321 Forti
379 1289 521 1321 candens
545 1290 698 1324 incendio
956 1292 1073 1326 Cinere
1097 1299 1130 1327 et
1154 1297 1260 1329 cilicio

308 1337 444 1370 Assavit
469 1338 634 1376 craticula,
1002 1342 1102 1374 Arm't
1127 1345 1278 1379 cuticula.

176 1395 233 1427 5a.
261 1394 513 1435 congratulatur
538 1396 625 1428 socio
871 1398 930 1433 5b.
952 1399 1160 1434 Laureantur
1182 1404 1217 1435 in
1242 1404 1372 1446 gaudio,

258 1443 455 1476 Laurentius
479 1443 656 1476 Laurentio
955 1447 1017 1480 Ille
1044 1457 1160 1483 cruore
1186 1453 1334 1494 proprio,

307 1490 347 1522 In
372 1491 455 1523 coeli
483 1492 617 1532 palatio,
1002 1496 1072 1528 Iste
1095 1500 1290 1535 sacerdotio.

174 1548 230 1580 6a.
257 1547 322 1580 Hie
346 1549 499 1581 sacerdos
525 1552 558 1581 et
580 1550 681 1584 levita
871 1553 931 1589 6b.
955 1554 1016 1588 Cui
1041 1556 1231 1590 assistentes
1257 1559 1305 1591 ita

256 1595 349 1629 Unus
373 1600 487 1636 morte,
515 1598 598 1630 alter
623 1599 691 1633 vita
953 1603 1055 1635 Veste
1078 1604 1184 1638 nitent
1207 1607 1369 1648 polymita

304 1645 479 1677 Immolant
501 1655 538 1678 se
561 1646 710 1688 Domino,
1003 1651 1084 1684 Cum
1112 1654 1231 1688 decore
1256 1657 1396 1697 gemino.

175 1702 231 1734 7a.
259 1703 356 1736 Salve
382 1711 468 1744 ergo,
495 1706 686 1747 reverende,
870 1708 930 1742 71).
953 1709 978 1742 O
1005 1710 1164 1745 Laurenti
1186 1716 1383 1759 venerande,

255 1750 374 1783 Sancte
397 1753 531 1792 praesul
556 1756 586 1785 et
614 1754 749 1788 colende
954 1758 979 1791 O
1006 1760 1160 1794 sacerdos
1184 1765 1416 1803 praeconande

304 1799 415 1833 Fideli
440 1800 605 1842 obsequio,
1003 1807 1083 1840 Cum
1107 1811 1195 1843 omni
1218 1812 1376 1853 tripudio.

172 1856 191 1889 8
204 1865 232 1890 a.
260 1857 344 1899 Tibi,
371 1861 476 1899 pater,
501 1860 719 1900 supplicamus
870 1864 929 1899 8b.
953 1866 1022 1907 Quo
1048 1867 1190 1901 victores
1217 1879 1429 1912 exposcamus

255 1905 358 1938 Tuam
383 1916 477 1947 opem
501 1908 711 1949 imploramus
954 1914 1211 1958 sanctorumque
1236 1920 1402 1953 valeamus

303 1955 343 1987 In
368 1954 430 1987 hoc
453 1957 567 1989 mundi
590 1959 727 2000 proelio,
1001 1964 1149 2007 Adjungi
1171 1969 1344 2002 consortio.

248 2032 336 2060 Grad.
360 2042 415 2061 ms.
430 2034 458 2061 A
501 2043 571 2063 ense
591 2043 669 2065 saec.
692 2035 737 2065 15.
753 2038 824 2067 Cod.
837 2040 1049 2079 Rotomagens.
1071 2040 1138 2072 250.
1159 2060 1197 2064 —
1218 2043 1271 2080 3b,
1294 2045 1309 2074 1
1332 2049 1401 2075 exui
1415 2057 1513 2076 saeer-

171 2068 252 2098 dorio
272 2070 328 2098 Hs.
353 2087 390 2090 —
410 2071 464 2107 412,
525 2074 636 2102 wieder
655 2077 802 2105 craticula
820 2079 876 2107 Hs.

603 2196 658 2230 311.
698 2199 744 2231 De
764 2202 873 2233 sancto
892 2202 1076 2236 Laurentio.

729 2267 788 2299 Die
809 2271 945 2309 septima.

169 2332 226 2365 1a.
255 2332 484 2367 Collaudantes
511 2336 718 2378 exsultemus,
870 2342 929 2375 1b.
952 2343 1049 2377 Mens
1074 2346 1215 2380 laetetur
1239 2349 1389 2393 interius,

251 2381 306 2413 Ad
329 2382 529 2415 laudandum
554 2393 786 2424 praeparemus
953 2391 1024 2424 Vox
1049 2396 1185 2427 resultet
1212 2398 1366 2440 exterius,

302 2429 374 2471 Cor,
401 2439 512 2463 vocem
538 2435 570 2463 et
593 2441 710 2473 opera:
1001 2440 1089 2481 Opus
1111 2444 1228 2485 jungat
1254 2445 1399 2483 dextera.
