1652 2678
166 306 222 339 la.

162 703 219 736 2a.

164 814 220 846 3a.

163 926 220 958 43.

164 1036 221 1068 53.

164 1146 219 1178 63.

164 1256 223 1289 73.

166 1367 222 1400 83.

164 1477 222 1511 93.

141 1586 221 1622 103.

140 1698 221 1733 113.

141 1803 223 1839 123.

138 1909 221 1944 133,

139 2110 222 2145 143,

677 117 940 154 -294—

584 214 653 246 390.
695 213 739 245 De
759 211 868 245 saneto
887 210 1030 244 Privato.

251 306 362 339 Justus
387 308 498 338 noster

295 357 333 386 ut
356 353 466 395 palma
490 351 609 392 floruit,

246 400 324 434 Flos
349 402 383 433 in
409 399 549 432 fructum

297 448 431 483 formari
456 448 584 488 meruit,

247 497 326 530 Flos
350 498 383 528 in
409 504 513 531 cursu,

296 543 420 577 fructus
444 544 476 575 in
505 542 627 576 bravio.

247 592 329 632 Spes
354 594 388 624 in
412 595 513 633 aestu,

294 649 346 672 res
371 639 405 671 in
432 639 574 673 denario.

248 703 272 736 O
299 702 428 735 beatum
453 701 637 742 pontificem

296 750 369 784 Suis
396 750 562 791 exemplar
587 748 737 788 subditis,

247 813 358 845 Vectis
382 812 416 844 in
442 821 519 845 arca
544 811 696 852 foeden's,

293 861 387 894 Basis
412 861 446 893 in
472 860 692 900 tabernaculo,

247 924 286 956 In
311 924 386 957 navi
412 923 501 956 Petri
525 923 645 963 navita,

296 972 418 1005 Ventos
444 976 477 1004 et
498 972 603 1004 undas
627 970 773 1012 pertulit,

249 1034 332 1067 Dum
358 1037 486 1066 tenetur
510 1043 588 1075 grex
614 1033 774 1078 obsessuS,

294 1082 462 1115 Invenitur
485 1086 597 1123 pastor
622 1082 740 1124 gregis,

247 1144 298 1177 De
322 1153 404 1186 rupe
428 1145 499 1177 vico
525 1145 674 1185 proxima

294 1193 353 1225 Vir
378 1192 491 1225 beatus
518 1193 676 1233 educitur,

250 1255 347 1288 Furit
370 1258 475 1287 tortor
499 1255 533 1286 in
558 1255 735 1296 Privatum,

295 1302 412 1336 Poenis
429 1306 531 1343 urget
554 1311 652 1344 prece
669 1305 772 1345 rogat,

250 1365 358 1406 Negat
380 1365 443 1397 hoc
466 1375 563 1406 posse
587 1363 663 1398 fieri

296 1413 422 1446 Fidelis
446 1416 559 1454 pastor
584 1414 700 1455 ovium,

248 1476 398 1510 Clamant
419 1477 538 1517 agresti
564 1475 656 1509 rabie

249 1524 395 1557 Cultores
420 1524 662 1557 immunditiae:

248 1587 365 1620 Verbis
390 1586 570 1619 admiscent
594 1587 731 1632 verbera

295 1635 523 1667 Persecutores
548 1634 690 1680 barbari,

249 1697 379 1740 Martyr
402 1698 666 1738 perseverantiae

294 1746 388 1778 Ritus
413 1745 596 1779 immundos
621 1746 764 1789 abdicat,

249 1803 362 1836 Mente
388 1807 492 1837 certat
515 1804 683 1845 immobili,

294 1852 386 1885 Tuba
412 1852 525 1885 salutis
549 1853 730 1895 praedicat,

247 1910 359 1943 Vincit
381 1910 490 1943 hostes
515 1912 566 1943 vir
590 1910 742 1954 invictus,

246 1958 356 1991 Vincit
379 1959 503 2001 plagas,
530 1959 631 1992 vincit
654 1960 749 2001 ictus,

247 2007 272 2040 O
300 2016 395 2048 quam
419 2005 500 2039 felix
524 2008 579 2040 hic
598 2006 775 2050 conflictus,

294 2055 360 2088 Ubi
385 2055 487 2087 vincit
511 2057 642 2089 veritas.

250 2113 276 2146 O
302 2113 444 2154 Private,
471 2116 583 2154 pastor
609 2113 701 2155 bone,

246 2160 345 2194 Pater
367 2161 474 2203 plebis
501 2165 533 2194 et
556 2164 703 2203 patrone,

246 2209 358 2250 Regno
384 2209 506 2243 Christi
527 2219 590 2243 nos
615 2210 755 2252 impone,

247 2256 339 2296 Quod
364 2257 504 2291 humana
529 2259 655 2291 ratione

296 2305 393 2347 Fugit
418 2316 438 2338 a
461 2307 606 2340 scientia.

862 300 923 336 lb.
944 301 1058 334 Hostis
1085 300 1210 341 culpae,

995 349 1100 382 cultor
1122 349 1279 390 justitiae,

943 397 1058 431 Hostis
1082 397 1206 441 mundi,

997 445 1138 479 concivis
1163 446 1287 487 gloriae

945 494 1035 527 Tulit
1059 494 1187 534 pondus

994 547 1026 574 et
1052 546 1176 574 aestum
1202 542 1327 581 vincae,

945 591 1026 623 Viae
1052 599 1190 631 cursum,

991 639 1142 671 trituram
1167 647 1273 672 areae.

859 700 918 733 2b.
945 701 1006 741 Qui
1030 702 1236 742 praesulatus
1262 700 1390 741 apicem

993 749 1132 782 Summis
1157 750 1297 783 honorat
1322 749 1462 783 meritis.

859 811 920 846 3b.
943 812 1088 846 Perfecti
1111 813 1235 854 lignum
1260 812 1370 852 operis

990 861 1029 894 111
1056 861 1236 894 Salomonis
1260 859 1395 893 ferculo.

857 922 918 957 4b.
941 924 1006 957 Pro
1031 922 1129 965 plebe
1154 923 1217 956 sibi
1243 923 1373 955 credita

990 971 1084 1012 Lupo
1111 980 1146 1004 se
1170 975 1284 1014 pastor
1309 971 1438 1006 obtulit.

858 1034 918 1068 5b.
942 1036 1063 1076 Regem
1090 1043 1182 1066 suum
1208 1035 1262 1075 qui
1286 1032 1468 1075 professus,

990 1082 1092 1116 Sonat
1116 1082 1230 1115 laudes
1258 1082 1307 1115 sui
1334 1082 1431 1123 regis,

858 1145 919 1178 6b.
944 1146 969 1179 Ο
997 1154 1092 1186 quam
1117 1144 1224 1178 fidelis
1250 1145 1368 1185 anima,

989 1195 1078 1235 Quae
1093 1194 1185 1226 nulla
1198 1197 1288 1226 sorte
1301 1191 1479 1234 frangitur.

859 1255 917 1289 71).
939 1256 986 1289 Ut
1010 1255 1173 1295 subjectos
1202 1265 1264 1297 per
1290 1256 1478 1296 praelatum

991 1303 1187 1337 Servitutem
1211 1304 1301 1338 ferre
1327 1310 1431 1345 cogat.

859 1366 917 1399 eb.
942 1366 989 1400 Ut
1014 1366 1136 1399 Christi
1160 1368 1240 1401 Jesu
1264 1366 1362 1398 liberi

990 1414 1083 1447 Servi
1108 1415 1174 1446 sint
1197 1414 1389 1448 infidelium.

861 1476 920 1510 9b.
943 1477 1067 1517 Adora,
1093 1486 1201 1520 senex,
1227 1477 1318 1510 idola

942 1525 988 1557 Et
1011 1525 1055 1558 ad
1081 1529 1207 1558 oratum
1233 1526 1374 1558 immola.

837 1587 921 1622 101).
946 1588 1074 1622 Blanda
1099 1589 1217 1621 transit
1243 1592 1275 1621 et
1300 1597 1421 1629 aspera

991 1636 1145 1670 Privatus
1170 1642 1278 1670 mente
1301 1637 1409 1671 hilari.

837 1699 919 1733 11b.
943 1699 1106 1733 Gedeonis
1130 1700 1163 1732 in
1189 1701 1261 1733 acie

991 1749 1084 1782 Inter
1108 1749 1268 1790 regendos
1297 1748 1443 1782 dimicat.

836 1805 922 1841 12b.
946 1806 1120 1840 Confracto
1147 1816 1224 1840 vase
1248 1807 1343 1841 fictili

990 1855 1141 1888 Lucerna
1166 1856 1251 1889 vasis
1278 1856 1404 1890 emicat.

836 1913 921 1948 1310.
942 1913 994 1946 De
1018 1913 1152 1947 Privato
1179 1917 1233 1947 tuo
1262 1914 1369 1955 gaude

941 1962 1096 1995 Laudans
1113 1962 1219 1995 virum
1233 1963 1366 2004 dignum
1378 1963 1481 1996 laude

942 2010 990 2043 Et
1013 2012 1048 2043 in
1072 2010 1171 2043 laude
1195 2012 1265 2052 ejus
1290 2011 1422 2053 plaude,

991 2059 1195 2092 Mimatensis
1221 2060 1347 2096 civitas,

837 2115 921 2150 14b.
943 2116 1023 2150 Jesu
1050 2116 1189 2158 Christe,
1216 2127 1275 2151 rex
1301 2118 1439 2163 Privati,

944 2165 1032 2210 Jesu,
1059 2166 1151 2207 regni
1177 2175 1235 2200 rex
1261 2166 1361 2208 beati,

943 2213 1013 2246 Nos
1038 2213 1191 2247 adscribe
1217 2215 1352 2256 civitati,

946 2261 1044 2302 Cujus
1071 2263 1158 2295 cives
1182 2269 1259 2297 sunt
1282 2263 1413 2298 fundati

993 2311 1087 2343 Pacis
1111 2311 1144 2343 in
1172 2312 1358 2348 concordia.

136 2389 299 2455 arcetlldiss.
320 2400 374 2420 ms.
388 2391 545 2420 Aeduense
565 2401 641 2421 saec.
659 2391 703 2421 15.
728 2393 801 2424 Cod.
815 2392 926 2423 Semin.
940 2396 1090 2426 Aeduens.
1107 2395 1171 2426 124.
1192 2415 1230 2419 —
1252 2399 1304 2434 72,
1328 2399 1346 2428 2
1366 2402 1479 2431 Poenis
