1652 2678
777 111 1042 147 -128—

247 210 304 243 3a.
330 210 428 242 Hunc
453 212 508 252 qui
533 215 678 243 sanctum
703 212 877 242 veneratur
941 209 1004 242 312.
1029 209 1115 241 Vere
1138 207 1203 239 sibi
1229 215 1310 240 vera.
1329 207 1427 240 datur

380 258 460 291 Cum
484 258 579 292 firma
601 257 731 299 fiducia,
1075 256 1107 287 A
1133 255 1272 287 Domino
1299 254 1414 295 gratia.

246 317 303 348 421.
331 316 390 356 Qui
414 320 514 357 muto,
542 316 657 348 claudo
682 314 806 355 pariter
941 313 1000 347 4b.
1025 312 1216 345 Reddidisti
1240 312 1386 350 verbum,
1413 312 1487 352 iter,

381 365 446 396 Per
470 364 532 397 Dei
559 363 761 395 clementiam
1077 360 1173 393 Hanc
1198 359 1276 392 audi
1304 359 1471 393 familiam.

246 422 304 454 5a.
332 421 358 454 O
385 421 441 461 qui
464 429 578 453 manus
603 419 747 451 mulieris
942 419 1005 453 5b.
1029 418 1206 461 San-avim,
1233 420 1269 449 tu
1294 418 1438 450 lauderis

364 469 591 501 Adhaerentes
617 467 758 500 brachiis
1075 467 1208 499 Piorum
1233 466 1427 506 praeconiis.

246 526 302 558 6a.
329 526 417 566 Ergo
443 528 554 558 sancto
578 525 752 564 jubilemus
943 525 1002 560 sb,
1025 524 1074 558 Ut
1097 533 1158 564 per
1182 524 1291 564 ipsum
1315 525 1527 565 impetremus

376 573 538 605 Pellentes
564 573 744 614 segnitiem,
1073 573 1225 605 Paradisi
1252 573 1407 613 requiem.

245 631 301 664 7a.
327 630 444 662 Funde
466 638 590 673 preces,
618 630 762 670 Anatoli,
942 631 1000 664 7b.
1024 630 1147 671 Regem
1170 633 1289 671 terrae,
1315 630 1422 663 Deum
1445 632 1524 672 poli,

375 678 440 710 Pro
465 678 558 710 nobis
584 679 627 711 ad
652 678 837 719 Dominum,
1074 678 1194 711 Verum
1218 679 1328 711 lumen
1350 679 1517 713 luminum.

243 735 300 768 Sa.
328 734 388 774 Qui
415 735 565 776 dignetur
589 736 737 768 misereri
941 736 1000 771 8b.
1022 736 1069 769 Et
1094 736 1269 769 clementer
1294 737 1414 770 intueri

374 783 586 816 Peccatorum
610 784 725 826 populi
1073 784 1142 817 Nos
1166 786 1201 817 in
1227 783 1292 817 fine
1316 786 1449 820 saeculi.

318 868 384 896 Mis*
397 888 404 895 .
427 867 626 897 Cabilonense
645 871 717 906 imp.
739 869 882 906 Lugduni
903 867 988 898 1500.

712 1018 774 1051 168.
815 1019 860 1051 De
879 1021 994 1052 sancta
1010 1021 1111 1052 Anna.

241 1100 297 1134 la.
323 1099 412 1131 Fons
439 1108 591 1132 amoenus
937 1102 996 1137 lb.
1019 1103 1087 1136 Iste
1112 1102 1185 1136 fons
1213 1106 1260 1135 est

371 1147 481 1187 rigans
507 1148 695 1188 paradisum
1068 1151 1177 1191 Anna,
1202 1155 1308 1184 mater
1333 1153 1447 1184 matris

324 1196 366 1229 Se
393 1194 523 1228 diffudit
1018 1199 1188 1232 Incarnati

370 1243 405 1275 in
429 1248 540 1284 partes
568 1244 705 1277 divisum
1067 1247 1170 1280 Verbi
1194 1247 1258 1280 Dei
1282 1249 1398 1289 patriS,

322 1291 418 1323 Nunc
441 1293 476 1323 in
501 1292 674 1332 superficie
1019 1295 1080 1335 Qui
1106 1294 1179 1328 fons
1206 1298 1314 1329 exstat
1337 1298 1463 1338 gratiae

321 1339 435 1372 Totius
462 1340 627 1373 ecclesiae.
1018 1343 1065 1376 Et
1089 1344 1344 1378 misericordiae.

239 1407 295 1440 Za.
323 1406 481 1439 Laetetur
508 1415 594 1439 nunc
933 1411 994 1446 2b.
1016 1412 1124 1453 Anna,
1149 1412 1266 1452 gaude,

369 1457 474 1487 mater
500 1456 646 1499 ecclesia,
1065 1460 1215 1493 Joachim
1239 1462 1337 1502 socia,

321 1503 462 1543 Irrigata
1016 1507 1105 1547 Quae
1127 1511 1203 1549 post
1228 1508 1290 1541 viri

371 1550 583 1583 exuberantia
1068 1556 1151 1589 dura
1175 1557 1321 1590 convicia

320 1599 419 1631 Tanti
445 1598 554 1637 fontis,
1016 1603 1106 1637 Fons
1131 1604 1221 1638 facta
1246 1614 1290 1650 es,

368 1647 422 1687 qui
448 1648 585 1679 mundat
608 1649 688 1681 vitia
1065 1662 1127 1693 quo
1152 1656 1263 1685 manat
1287 1653 1356 1687 filia

419 1694 534 1728 Cordis
559 1696 617 1729 rei.
1111 1702 1221 1734 Mater
1245 1702 1320 1735 Dei.

234 1763 292 1798 3a.
321 1762 455 1804 conjux,
483 1766 590 1803 Anna,
932 1768 991 1802 3b.
1014 1769 1088 1801 Hoc
1113 1769 1267 1802 defuncto

365 1812 513 1845 Joachim
537 1810 638 1854 fuisti,
1067 1816 1196 1851 Salome
1223 1818 1356 1860 duxisti,

316 1860 397 1893 Post
423 1860 596 1901 Cleophae,
1016 1866 1084 1906 Quo
1109 1866 1251 1900 Mariam

363 1917 384 1940 a
409 1917 471 1948 quo
496 1909 651 1949 recepisti
1063 1916 1195 1948 tertiam
1219 1916 1398 1957 sumpsisti,

314 1956 466 1996 Mariam,
494 1967 590 1998 quam
1014 1962 1220 1996 Zebedaeum

365 2005 514 2045 Alphaeo
540 2008 690 2052 nupsisti,
1068 2010 1131 2043 sibi
1155 2012 1325 2046 tradidisti

415 2052 532 2086 Tetras
557 2060 704 2087 matrem.
1111 2059 1221 2092 Duum
1243 2065 1385 2101 patrem,

230 2121 287 2154 4a.
314 2119 416 2160 Ergo,
442 2121 550 2161 Anna,
929 2124 988 2158 412.
1010 2125 1110 2166 Regis
1135 2136 1249 2169 regum

362 2169 451 2208 Juste
478 2169 684 2210 collaudaris,
1063 2174 1188 2208 vultum
1215 2179 1447 2220 contemplaris

315 2215 514 2249 Genitricem
1015 2222 1096 2255 Cum
1121 2223 1198 2256 filiis

362 2273 445 2304 quae
469 2264 561 2297 foves
588 2269 620 2297 et
643 2265 733 2305 paris
1060 2269 1204 2306 filiarum
1229 2276 1326 2315 caris,

311 2312 394 2350 Poli,
421 2315 540 2353 terrae,
1011 2318 1079 2351 Ubi
1105 2320 1190 2353 dono

364 2359 490 2392 orbium
517 2364 549 2392 et
573 2361 672 2396 maris
1059 2375 1189 2408 semper
1214 2370 1364 2409 gloriaris

406 2407 629 2444 Plasmatoris.
1099 2416 1297 2454 Salvatoris.
