1652 2678
720 130 985 167 —281—

183 226 228 260 11
238 236 266 260 a.
294 226 409 269 Terra,
436 236 500 268 qua
525 228 687 270 occubuit,
887 229 972 265 111).
993 230 1097 262 Terra
1121 239 1248 271 quoque
1271 230 1401 263 lavacro

293 276 402 309 salvat
425 276 573 309 homines
994 278 1099 311 sancti
1122 287 1275 319 respersa

292 323 388 356 simul
414 327 447 357 et
474 325 622 366 jumenta
993 327 1089 367 pellit
1114 327 1283 359 daemonia

292 374 326 404 et
349 370 443 413 fugat
467 373 628 407 incendia.
995 378 1027 407 et
1052 378 1102 407 est
1125 373 1305 407 salutifera.

180 429 264 464 12a.
291 429 434 471 Dignum
460 431 605 464 celebrat
888 431 972 466 121).
993 433 1131 466 Manent
1155 433 1289 466 brachia

291 478 426 511 aethera
989 481 1117 522 integra

291 526 441 559 columna
464 527 546 559 lucis
572 526 689 568 effusa3
989 529 1102 570 inopes
1127 527 1319 562 refoventia..

181 583 266 619 13a.
291 583 432 626 Lignum
456 583 596 625 praefixi
620 586 738 626 capitis
883 586 967 621 13b.
991 587 1075 628 Quin
1102 590 1134 619 et
1157 587 1192 619 in
1218 595 1319 628 regna
1344 591 1455 620 extera

290 636 383 665 curat
406 633 522 666 mortis
549 633 748 675 discrimina,
990 636 1093 667 sancti
1119 636 1229 667 lucent
1253 635 1409 669 subsidia.

595 691 653 725 14.
679 691 751 724 Rex
773 694 901 732 martyr
926 695 959 724 et
983 693 1148 734 coelicola,

681 739 842 782 Oswalde,

679 787 810 822 Christo
834 797 893 821 nos
914 789 1099 823 reconcilia.

257 872 343 901 Miss.
364 881 420 900 ms.
437 873 632 901 Whitbiense
662 881 740 901 saec.
764 871 809 902 14.
838 873 910 902 Cod.
932 874 1093 903 Oxoniens.
1114 874 1241 903 Miscell.
1263 875 1379 912 Liturg.
1400 872 1466 904 390.
1486 889 1525 895 --

181 908 253 946 lob,
277 910 292 939 1
314 911 466 940 coelorum
485 912 565 940 libat
583 912 639 940 Hs.

621 1034 688 1066 373.
728 1034 773 1066 De
794 1035 902 1066 sancto
925 1034 1084 1067 Othmaro.

181 1115 238 1150 1a.
263 1114 321 1147 Ad
348 1114 495 1147 ornanda
884 1114 943 1148 11).
966 1115 1089 1147 Adsint
1113 1115 1168 1155 pio

266 1162 334 1196 divi
360 1162 508 1196 Othmari
967 1166 1100 1196 ovantes
1125 1167 1251 1196 turmae

267 1210 483 1244 celeberrima
506 1209 592 1243 festa
968 1210 1192 1252 Christologae
1218 1214 1343 1244 conatu.

178 1271 238 1304 2a.
267 1269 333 1303 Sed
357 1269 517 1309 imprimis
883 1267 943 1302 2b.
967 1269 1108 1308 Quorum
1132 1269 1226 1301 vivus

261 1318 363 1350 multo
388 1318 483 1350 thure
966 1316 1170 1349 collustravit

263 1366 355 1399 halet
378 1366 524 1398 Rhaetus
965 1365 1084 1398 almum
1109 1365 1224 1405 solum.

265 1417 363 1455 atque
386 1414 496 1455 liliger
520 1414 677 1446 Francus.
965 1422 1027 1445 nec
1050 1422 1138 1445 nunc
1162 1416 1292 1446 sanctus
1317 1413 1460 1455 reliquit.

180 1474 239 1507 3a.
266 1474 300 1506 Is
326 1472 359 1504 in
385 1475 499 1504 tenera
524 1474 631 1504 aetate
883 1470 943 1506 3b.
964 1470 1081 1503 Mundi
1106 1469 1194 1503 fastu
1217 1480 1351 1511 prorsus
1376 1474 1488 1512 spreto

265 1519 457 1563 plurifarias
483 1520 651 1562 amplexus
966 1528 1028 1560 per
1055 1519 1161 1560 Pipini
1187 1518 1225 1551 fit
1251 1520 1409 1553 delectum

268 1569 469 1610 disciplinas,
966 1568 1014 1609 pii
1040 1567 1128 1600 Galli

264 1616 383 1651 flamen
410 1617 539 1650 dicatur
966 1616 1068 1649 abbas
1094 1617 1215 1649 sacello

267 1668 379 1698 sancto
404 1664 539 1697 Florino
565 1667 724 1699 sacratus,
968 1668 1063 1705 septa
1088 1668 1257 1697 exstruens
1284 1664 1463 1704 commoda,

181 1725 243 1758 4a.
269 1723 392 1763 Quibus
414 1723 484 1764 jugi
508 1723 677 1755 harmonia
882 1722 945 1757 4b.
965 1722 1012 1755 Et
1037 1730 1151 1754 severa
1174 1722 1374 1763 parsimonia

266 1772 381 1805 laudes
409 1771 537 1804 divinas
562 1771 721 1812 absolvat,
968 1773 1058 1803 artus
1083 1771 1188 1803 macie
1210 1773 1388 1811 pertentat.

182 1833 240 1865 531.
266 1829 390 1863 Flectit
413 1838 512 1871 prece
538 1828 654 1861 crebra
677 1829 794 1870 Deum⁷
885 1828 943 1863 5b.
970 1828 1165 1861 Gasabunda
1189 1829 1316 1869 spernit
1340 1828 1435 1869 bona,

266 1878 457 1921 peregrinos
482 1880 569 1910 tecto
595 1880 763 1919 susceptos
968 1877 1096 1918 pollens
1121 1877 1225 1909 multa
1249 1877 1442 1918 humilitate,

268 1928 369 1961 donat
393 1927 521 1968 aequali
548 1926 654 1967 epulo.
968 1925 1051 1958 nulli
1076 1926 1238 1958 sccundus
1263 1925 1386 1959 labore.

180 1988 237 2021 6a.
269 1986 344 2019 Non
369 1985 493 2018 auratis
885 1983 944 2019 6b.
966 1984 1015 2017 At
1038 1984 1162 2016 auritus

264 2034 387 2076 pressit
411 2042 518 2067 armos
968 2031 1035 2065 fe1²t
1059 2032 1180 2065 asellus

266 2083 341 2125 equi
366 2082 548 2115 calcaribus
574 2084 631 2115 aut
967 2081 1071 2122 illum,
1097 2084 1212 2122 petrae
1237 2084 1271 2114 et
1296 2082 1397 2115 durae

264 2132 338 2165 lene
363 2130 504 2164 fulcrum
965 2139 1084 2171 parcos
1109 2132 1226 2171 sponte

266 2180 389 2222 objecit
413 2179 544 2214 cervici.
969 2188 1097 2211 somnos
1122 2179 1344 2213 moderantur.

178 2242 235 2276 7a.
263 2239 371 2273 Nocte
396 2238 563 2271 scatebras
885 2237 943 2272 71).
965 2237 1155 2278 Pipinianos

261 2288 392 2321 luridae
416 2287 507 2320 lavat
531 2287 644 2328 leprae
966 2286 1136 2318 thesauros
1164 2285 1345 2319 clanculum
1372 2286 1430 2319 dat

262 2341 295 2371 et
319 2345 484 2379 pannosos
967 2334 1147 2378 egentibus,

260 2396 321 2420 sua
345 2386 469 2423 lamule,
493 2385 606 2420 velans
967 2384 1011 2417 ad
1036 2383 1134 2417 aedes
1159 2383 1266 2425 regias
1290 2384 1384 2426 panis

259 2436 367 2470 nudus
393 2443 493 2477 saepe
517 2434 627 2469 rediit.
968 2433 1087 2467 donum
1111 2432 1287 2468 hiantibus
