1652 2678
742 81 1004 116 -184—

223 183 305 217 IOa.
332 182 427 214 Hunc
447 181 593 214 Christus
619 184 684 213 tam
709 179 856 212 inclitum
918 178 961 210 10
971 177 1003 211 b.
1027 176 1120 209 Haec
1145 183 1222 214 ergo
1248 174 1406 207 solemnia

218 433 300 466 112.

329 231 461 263 tandem
486 230 528 262 ad
558 229 710 270 gaudium

327 287 446 311 vocans
472 278 669 319 angelorum,

326 327 416 367 prius
441 325 506 365 ipsi

324 375 513 415 praesignat
538 372 672 405 obitum,

329 431 420 471 Quod
446 438 505 469 per
529 428 646 460 merita

324 479 409 510 tanti
435 475 629 509 confessoris
655 475 724 507 vita

323 526 415 558 nobis
442 524 536 556 detur
561 523 746 562 aeternalis,

1026 224 1130 257 omnis
1157 222 1298 254 ecclesia

1026 274 1135 303 mente
1160 270 1282 309 psallat
1306 277 1400 309 pura.

1024 327 1104 352 voce
1130 318 1228 358 clara,

1027 366 1115 399 dulci
1136 365 1338 406 symphonia.

918 426 960 459 11
971 424 1002 456 b.
1027 423 1127 464 Apud
1154 432 1233 463 quos
1258 423 1367 455 brevis

1026 471 1109 505 falso
1137 471 1240 503 dulcis
1266 473 1364 510 atque
1388 471 1471 503 levis

1025 529 1078 552 res
1102 519 1239 553 vilescat
1265 519 1467 559 temporalis.

583 581 639 613 12.
668 579 714 612 Ut
739 583 856 622 tecum,
879 579 1012 620 praesul
1039 578 1211 620 Germane,

667 628 809 660 victores
834 628 947 661 mundi
971 630 1027 659 tua

667 676 774 716 adjuti
800 675 945 717 victoria,

667 723 816 757 fruamur
838 733 919 757 vera
943 723 1032 757 Sion.

290 802 375 829 Mi....
403 811 457 829 ms.
479 803 509 828 S.
532 800 672 829 Germani
693 800 825 837 Spirens.
847 809 924 830 saec,
947 799 992 828 11.
1015 800 1085 829 Cod.
1105 800 1202 829 Palat.
1223 799 1448 829 vindobonens.
1472 799 1555 829 12545.

214 842 273 869 Mit
302 841 437 868 Neumen
469 840 530 867 und
566 840 618 868 der
646 839 825 868 Aufschrift:

212 876 358 917 patroni.“
387 895 426 899 —
451 878 539 906 Mel.-
574 879 655 907 Laus
681 879 739 906 tibi
762 878 877 906 Christe
904 879 956 915 qui
977 886 1009 905 es
1036 881 1152 906 creator
1171 877 1315 913 (Kehrein
1335 878 1387 906 Nr.
1412 876 1490 910 846).
1517 895 1554 899 —

867 839 991 876 „Sancti
1020 840 1162 868 Germani
1191 840 1370 868 confessoris
1399 841 1555 876 nostrique

215 918 269 953 la,
301 916 315 945 1
342 919 416 945 zwei
439 916 543 945 Silben
562 917 647 946 mehr
673 917 717 944 als
739 917 788 945 die
808 915 1060 953 Stammsequenz.
1087 932 1126 937 ——
1152 914 1205 948 221,
1230 916 1244 944 1
1268 924 1358 945 carne
1380 920 1500 954 sumpta
1521 917 1557 946 (le

211 957 460 1024 Igffiffffirffgssteoe
480 958 555 984 zwei
575 956 680 985 Worte
700 956 766 984 clem
786 955 957 984 Versmasse
978 955 1056 983 nach
1077 955 1260 991 iibemiililig,
1282 954 1349 982 dem
1366 955 1458 984 Sinne
1479 956 1556 983 nach

238 1170 295 1203 la.

238 1277 295 1308 2a.

237 1383 292 1415 3a.

234 1490 291 1521 4a.

235 1595 291 1626 5a.

234 1701 291 1733 6a.

231 1807 289 1839 7a.

231 1914 291 1946 Sa.

231 2019 289 2052 9a.

210 2124 291 2157 1021.

207 2229 289 2261 lla.

208 2334 290 2367 1222.

645 1088 715 1119 244.
757 1088 801 1119 De
820 1088 929 1119 sancto
952 1086 1117 1119 Germano.

323 1169 559 1210 Repraesentet
586 1169 723 1201 ecclesia

320 1217 370 1249 De
397 1217 552 1250 Germani
576 1218 715 1250 victoria

324 1274 461 1307 Relictis
486 1276 599 1307 mundi
624 1275 760 1316 gaudiis,

322 1322 431 1356 Uxore
453 1323 522 1376 jam
548 1326 579 1355 et
604 1323 759 1364 praediis,

320 1381 476 1413 Armatus
502 1382 599 1413 armis
625 1379 714 1422 fidei,

321 1429 492 1469 Templum
518 1431 653 1470 repente
677 1428 716 1461 fit
739 1429 813 1469 Dei,

318 1486 372 1518 Ex
396 1490 474 1519 tuno
497 1487 629 1527 praesul
653 1486 692 1519 fit
715 1487 846 1527 arctius,

317 1535 402 1567 Nam
427 1536 520 1576 panis
548 1535 750 1569 hordeaceus

319 1594 487 1626 Praedura
511 1595 611 1627 vestis
637 1595 776 1627 conterit

315 1641 452 1674 Mollem
479 1651 608 1675 carnem
635 1645 667 1674 et
691 1644 807 1684 operit,

320 1699 474 1733 Caritatis
496 1701 557 1733 alis
583 1700 669 1734 binis

314 1748 438 1781 Volans
462 1757 599 1791 sursum,
628 1758 701 1781 cum
728 1750 847 1783 divinis

318 1807 433 1839 Fultus
459 1806 509 1839 his
534 1809 787 1849 propugnaculis

313 1855 428 1887 Multis
454 1853 558 1897 fulget
582 1856 759 1899 miraculis,

318 1912 471 1953 Clauum,
480 1913 618 1955 lepram.
628 1914 847 1955 lymphaticos

316 1961 417 1994 Curat
444 1964 477 1993 et
501 1962 721 2005 paralyticos;

315 2018 421 2058 Hujus
446 2019 541 2060 virga
562 2021 631 2060 jam
656 2020 752 2052 arida

313 2067 400 2099 Fixa
422 2070 532 2100 terrae
555 2067 595 2100 fit
618 2066 749 2111 florida,

318 2124 384 2156 Hic
409 2125 466 2157 dat
493 2124 662 2157 defunctos
687 2125 809 2164 vivere,

313 2171 410 2205 Muro
436 2173 543 2205 ruenti
568 2174 695 2212 sistere,

317 2230 469 2271 Angliam
494 2229 545 2262 bis
570 2229 710 2270 perfidia

315 2276 473 2318 Purgavit
496 2287 517 2310 a
541 2278 684 2319 Pelagia,

317 2333 446 2367 Italiam
474 2335 551 2367 dum
575 2338 703 2376 peteret

314 2380 359 2413 Et
384 2391 420 2414 se
444 2384 528 2415 mori
555 2384 765 2427 conspiceret,

939 1168 996 1203 1b.

1018 1168 1084 1201 Per
1107 1172 1221 1202 nostra
1244 1169 1426 1202 ministeria

1022 1217 1152 1251 Christo
1178 1218 1250 1259 regi
1273 1218 1442 1253 solemnia.

937 1274 998 1308 ab.
1022 1275 1187 1308 Christum
1211 1276 1316 1308 solum
1343 1277 1518 1312 desiderat,

1024 1323 1124 1363 Quem
1151 1325 1275 1356 cunctis
1301 1329 1549 1365 praeposuerat.

934 1380 994 1415 3b.
1015 1382 1108 1414 Votis
1136 1385 1325 1415 cunctorum
1350 1384 1486 1424 petitur,

932 1487 994 1521 412.

934 1593 995 1627 51).

932 1700 991 1735 61).

932 1806 990 1841 7b.

931 1914 993 1949 81).

933 2018 993 2053 91).

909 2124 993 2158 lOb.

908 2231 992 2264 lib.

908 2335 993 2372 12b.

1022 1430 1161 1463 Tractus
1185 1431 1319 1471 praesul
1346 1431 1498 1465 efficitur.

1020 1488 1127 1521 Semel
1152 1489 1187 1520 in
1214 1489 1268 1522 die
1291 1491 1431 1522 sumitur

1016 1536 1061 1569 Et
1086 1546 1172 1578 aqua
1197 1538 1268 1570 sitis
1294 1539 1440 1578 pellitur.

1019 1595 1109 1629 Cinis
1134 1596 1273 1635 praebet
1298 1596 1328 1628 ei
1354 1597 1521 1636 lectulum,

1017 1644 1122 1676 Tenet,
1148 1652 1220 1676 cum
1245 1654 1344 1687 sopor
1370 1646 1510 1679 oculum.

1015 1702 1129 1735 Mente
1153 1706 1274 1744 manet,
1301 1704 1422 1743 spretis
1449 1702 1551 1743 spinis

1015 1750 1115 1783 Vitae
1139 1752 1256 1784 stantis
1281 1752 1317 1784 in
1341 1752 1456 1786 ruinis.

1015 1809 1143 1850 Aegros
1168 1813 1263 1843 sanat
1288 1811 1442 1843 oraculis.

1015 1857 1141 1890 Reddit
1167 1861 1201 1890 et
1228 1859 1338 1891 lumen
1364 1860 1478 1893 oculis.

1014 1916 1103 1949 Huic
1127 1917 1330 1956 respondent
1353 1927 1495 1958 propere

1016 1963 1091 1995 Leti
1115 1964 1214 2004 potiti
1239 1963 1365 1999 fimere.

1019 2019 1129 2053 Crevit·
1156 2022 1255 2054 ramis
1281 2023 1488 2065 sublimibuS,

1015 2067 1098 2108 Ejus
1122 2070 1217 2102 testis
1241 2071 1432 2108 virtutibus.

1016 2125 1112 2158 Mare
1142 2128 1284 2167 quietem
1311 2129 1430 2164 ducere

1014 2173 1061 2206 Et
1084 2173 1219 2209 flumina
1244 2188 1309 2211 non
1334 2178 1455 2213 furere.

1017 2231 1118 2265 Mutis
1145 2235 1258 2270 reddit
1283 2236 1413 2278 eloquia

1016 2279 1126 2314 Verbo
1150 2281 1305 2324 frangens
1330 2285 1493 2319 incendia.

1018 2337 1139 2379 Poscit,
1165 2343 1203 2372 ut
1229 2350 1348 2382 corpus
1374 2343 1501 2386 redeat,

1014 2385 1083 2418 Ubi
1107 2389 1241 2428 praesul
1267 2390 1449 2426 exstiterat,
