1652 2678
872 41 1139 77 -160—

342 142 400 175 8a.
426 140 551 175 Stridet
580 142 682 182 adeps
707 141 742 173 in
764 140 880 183 lebete,
1038 139 1098 174 eb.
1119 138 1240 180 Quibus
1266 139 1350 182 pice,
1377 138 1510 179 plumbo
1535 133 1618 170 coctis

425 189 492 223 Ubi
516 189 617 222 fortes
642 193 718 222 suut
739 188 882 222 athletae
1121 189 1201 221 Post
1221 188 1315 220 unius
1342 197 1471 220 cursum
1494 184 1592 220 noctis

471 237 619 271 Flamma
643 236 722 270 frixi
746 236 887 279 subdita,
1169 236 1391 277 Amputantur
1416 235 1535 277 capita.

340 296 398 331 9a.
425 295 543 328 Pressa
566 295 660 336 prelo
684 297 752 327 tam
777 294 913 335 crudeli,
1038 292 1097 328 eb.
1119 293 1210 327 Coeli
1233 295 1350 334 patent
1373 293 1552 334 apothecae

423 342 509 376 Dum
532 343 697 376 redundat
721 342 805 374 clivo
830 341 915 382 preli
1122 342 1323 383 Animasque
1347 342 1419 375 sine
1443 340 1535 375 faece

472 391 642 432 Sanguinis
667 390 841 431 vindemia,
1170 390 1360 424 Admittunt
1384 398 1455 423 cum
1480 390 1592 432 gloria,

746 449 801 484 10.
831 448 911 482 Cum
936 448 1070 482 solemni
1096 449 1251 490 Alleluja.

414 526 499 553 Miss.
541 525 758 554 Suessionense
777 525 849 563 imp.
869 524 997 554 Parisiis
1018 523 1102 555 1516.

671 628 735 661 210.
774 628 820 661 De
843 636 884 661 ss.
906 627 1048 670 Crispino
1070 630 1103 661 et
1123 629 1331 672 crispiniano.

749 702 781 735 1.
808 700 957 742 Diligens
981 710 1060 742 quos
1086 704 1120 734 et
1143 702 1177 734 in
1203 701 1270 736 fide

809 758 977 791 germanos
1007 752 1040 782 et
1063 750 1099 783 in
1124 759 1253 793 genere,

339 809 398 843 za.
424 807 590 840 Passionis
615 809 715 840 testes
741 815 817 840 suae
1035 805 1095 840 210.
1120 807 1300 847 Tamquam
1328 817 1443 841 aurum
1466 806 1576 840 nobile

420 854 509 888 Deus
534 857 631 888 ornat
653 855 753 888 hodie
1120 855 1271 889 decoctos
1292 855 1327 888 in
1352 854 1486 889 fornace

421 904 507 937 stola
530 903 662 948 gloriae,
1118 904 1307 944 patient-iae.

338 963 396 997 aa.
423 961 508 1001 Quos
533 970 593 994 nec
614 961 673 994 sub
700 970 776 995 ense
1035 960 1096 996 3b.
1119 960 1180 1001 Qui
1205 961 1278 1002 pari
1299 964 1408 994 mente

420 1010 518 1043 timor
540 1018 665 1051 poenae
1119 1017 1178 1050 spe
1208 1018 1345 1042 coronae

418 1059 526 1098 potuit
551 1059 701 1091 evincere
1119 1058 1316 1091 dimicarunt
1340 1060 1481 1092 strenue.

336 1118 394 1150 4a.
421 1115 490 1149 Hos
512 1116 581 1156 jam
609 1116 721 1158 dignos
747 1116 858 1156 requie
1033 1115 1094 1150 4b.
1119 1115 1195 1148 Dux
1218 1116 1314 1156 hujus
1339 1116 1476 1150 militiae

799 1175 832 1209 5.
858 1174 999 1207 Vocatos
1025 1173 1070 1206 ad
1096 1181 1131 1206 se

860 1221 1037 1263 adscripsit
1063 1221 1159 1263 digne

860 1270 896 1303 111
919 1269 1005 1303 libro
1031 1270 1118 1302 vitae

861 1327 932 1351 cum
959 1317 1168 1359 diligentibus
1192 1326 1239 1352 se.

412 1384 497 1413 Miss.
526 1394 580 1414 ms.
609 1384 639 1413 S.
664 1385 796 1421 Remigii
822 1392 899 1413 saec.
928 1381 973 1413 13.
1002 1384 1074 1412 Cod.
1100 1385 1239 1413 Remens.
1271 1382 1336 1413 122.
1363 1385 1430 1414 add.
1455 1394 1529 1415 saec.
1558 1385 1601 1415 14,
1625 1402 1652 1408 -n

334 1423 443 1491 125sser
459 1423 638 1491 aeguo-le'
677 1424 746 1451 Von
765 1422 814 1452 4a
834 1433 873 1452 an
891 1425 925 1452 in
945 1423 996 1452 der
1014 1424 1070 1452 Hs.
1090 1432 1147 1452 nur
1168 1424 1243 1452 zwei
1266 1423 1424 1458 Clauseln,
1455 1424 1540 1454 deren
1559 1428 1652 1455 zwciu

335 1472 377 1491 mi
412 1479 418 1487 ·
432 1481 441 1496 ,
518 1471 630 1500 egmnu

762 1564 818 1598 211.
858 1565 903 1598 De
924 1566 1034 1598 sancto
1055 1565 1239 1598 Guthberto.

801 1638 831 1672 1.
858 1638 955 1671 Alme
981 1641 1176 1678 concrepent

859 1695 975 1720 sonore
997 1686 1126 1728 linguae

858 1735 1014 1776 Alleluja,

336 1793 395 1827 2a.
421 1792 501 1827 Odis
526 1793 687 1836 organicis
1033 1793 1096 1830 2b.
1117 1794 1207 1827 Mira
1228 1793 1367 1827 mirifice

418 1841 673 1875 harmonizando
698 1842 751 1884 eja
1117 1840 1199 1888 (eja)
1226 1842 1397 1876 Guthberti
1421 1843 1565 1886 insignia

337 1900 394 1934 3a.
422 1898 527 1941 Clara,
555 1900 720 1942 coeligena
1033 1901 1092 1938 ab.
1115 1901 1202 1935 Orbe
1225 1901 1425 1942 signipotens

420 1951 536 1982 vernat
557 1949 612 1990 qui
638 1950 835 1990 coelipotens
1118 1950 1222 1991 pollet
1244 1949 1427 1991 apostolica.

420 1996 506 2029 inter
530 2000 629 2039 astra,
1118 2001 1150 2031 et
1178 2006 1239 2040 per
1264 2002 1366 2039 gesta.

335 2053 393 2088 4a.
420 2054 566 2088 Infantia
1031 2055 1091 2091 4b.
1114 2055 1272 2089 Miridica

421 2104 511 2143 cujus
536 2112 631 2137 sacra
655 2104 811 2137 virtutum
1114 2105 1232 2146 pusioli
1257 2104 1386 2145 parvuli

420 2151 534 2184 habuit
558 2153 725 2193 primitiva
1116 2153 1253 2186 triennis
1276 2152 1486 2197 praedixerat

422 2201 600 2241 crepundia
623 2202 696 2234 ista.
1115 2204 1228 2235 tenera
1257 2201 1367 2243 lingua

338 2260 394 2291 5a.
421 2258 710 2292 inthronizandum
735 2259 892 2293 cathedra
1036 2259 1097 2294 51³.
1118 2260 1193 2293 Hoc
1214 2258 1371 2294 infulatus
1390 2268 1525 2294 munere

420 2315 515 2339 sacra
538 2308 723 2348 praesulem
1119 2308 1225 2349 primo
1250 2307 1392 2342 culmina

425 2353 506 2387 cleri
529 2355 629 2388 laude
651 2357 848 2391 veneranda.
1119 2361 1196 2399 post
1222 2356 1374 2398 pervenit.
1397 2357 1439 2391 ad
1464 2360 1597 2400 majora.
