1652 2678
150 196 208 228 3a.

149 397 209 429 4a.

153 1060 209 1093 la.

152 1217 211 1248 2a.

152 1368 210 1401 32.

147 1524 205 1554 4a.

151 1677 210 1710 5a.

150 1832 208 1864 6a.

154 1985 212 2019 Pa.

154 2141 213 2174 ea.

155 2295 213 2327 9a.

234 195 317 232 Ave,
346 194 435 234 cujus
461 191 612 233 precibus

234 242 407 282 Sospitatis
432 241 579 273 omnibus

235 291 343 323 Datur
377 287 618 329 aegrotantibus

282 338 459 371 Medicina.

236 398 319 436 Ave,
348 396 399 428 cui
423 393 587 435 signaculo

235 444 324 486 Ignis
350 445 441 484 patet
466 441 588 480 sedulo,

232 493 319 525 Dum
346 491 440 523 offers
465 490 501 521 iu
524 490 645 530 populo

284 540 538 572 Sacramentum.

179 607 207 630 ί.
236 598 260 630 O
286 596 439 634 Marthae,
466 603 617 636 propera,

234 645 303 678 Nos
329 653 345 676 a
374 644 470 684 culpa
494 644 599 676 libera

233 694 356 733 Pioque
383 690 577 725 confoedera

279 740 502 782 Redemptori.

778 93 847 130 258
897 112 943 117 —

847 190 906 224 3b.
928 191 980 223 Tu
1004 197 1103 230 prece
1129 197 1200 221 cum
1227 189 1376 234 vinceris,

932 238 1012 271 Cum
1037 237 1151 269 amotis
1178 238 1294 270 ceteris

930 287 979 319 Te
1003 286 1121 319 serviri
1146 286 1269 327 pateris

978 337 1009 366 A
1035 333 1157 376 regina.

846 393 906 426 410.
929 393 979 425 Tu
1007 392 1116 425 divino
1139 402 1281 435 munere,

929 441 1035 473 Vocas
1058 444 1125 474 tres
1152 442 1193 474 de
1218 441 1341 486 funere,

929 490 981 522 Tu
1007 498 1041 521 es
1065 489 1156 530 pacis
1180 490 1303 523 liberae

980 537 1236 573 Condimentum.

847 595 906 630 5b.
928 595 982 628 Da
1005 595 1136 628 virtutis
1160 597 1285 639 merita,

936 644 1088 678 Caritatis
1115 653 1215 684 opera

930 693 976 725 Et
1001 692 1035 724 in
1060 693 1147 725 vitae
1173 703 1311 735 vespera

976 740 1065 773 Bene
1089 743 1184 776 movi.

231 828 317 855 Miss.
340 835 394 855 ms.
416 825 447 854 S.
469 826 597 854 Amandi
617 838 619 853 ε
637 835 695 855 acc,
717 824 762 854 14.
785 826 855 855 Coti.
881 827 1105 856 Valentianens.
1130 826 1193 856 111.

592 967 660 1000 343.
701 966 745 999 De
762 968 871 1000 sancto
893 967 1038 1000 Martino.

241 1060 329 1093 Voce
356 1061 446 1092 clara
469 1059 564 1100 plebs
590 1060 725 1099 exsulta,

237 1109 354 1141 Manet
379 1107 463 1140 em'm
487 1108 548 1140 tibi
573 1108 675 1141 multa

290 1155 463 1189 Gaudeudi
488 1156 646 1198 materia3

244 1214 278 1247 Si
304 1214 491 1254 gaudemus,
517 1223 580 1247 non
600 1217 648 1246 est
663 1213 791 1255 mirum,

236 1262 376 1294 Tantum
402 1262 630 1303 praedicantes
656 1263 771 1303 virum,

291 1309 406 1342 Virum
430 1310 659 1351 apostolicum3

248 1368 361 1401 Ortum
388 1367 481 1400 duxit
504 1377 568 1401 non
593 1368 634 1400 de
658 1367 716 1401 vili

247 1416 346 1449 Patre
370 1416 448 1448 licet
474 1416 514 1448 de
538 1416 652 1457 gentili

283 1462 388 1496 Natus
419 1463 453 1496 in
479 1464 629 1504 Sabaria,

245 1522 383 1554 Puerilis
408 1523 441 1554 in
467 1522 529 1554 hoc
554 1524 642 1555 aetas

241 1570 327 1603 Nam
353 1573 482 1603 matura
500 1571 621 1603 transit
644 1573 748 1604 metas

290 1618 437 1651 ineuntis
462 1620 566 1659 pueri,

246 1676 338 1716 Quod
356 1679 406 1708 est
423 1675 497 1717 Dei,
524 1678 626 1710 totum
646 1685 794 1718 sequens,

245 1723 331 1756 Fide
354 1725 471 1765 plenus
497 1726 562 1766 agit
589 1724 740 1766 frequens

292 1773 388 1806 Circa
411 1773 617 1815 monasteria,

240 1830 360 1864 Servus
385 1831 448 1864 Dei
472 1841 536 1865 non
561 1832 723 1874 protervit

239 1879 306 1912 Sed
331 1880 475 1913 vicissim
500 1889 594 1913 servo
619 1880 730 1923 servit,

288 1928 412 1961 Reddit
437 1932 468 1960 et
494 1929 657 1969 obsequia,

241 1986 306 2018 Dei
330 1986 450 2027 spiritu
473 1988 618 2028 repletus

240 2034 357 2075 Docet,
385 2035 472 2077 quod
496 2045 561 2068 non
578 2044 676 2069 causa
691 2037 796 2068 metus

287 2082 384 2115 Miles
412 2092 483 2115 esse
508 2083 630 2125 fugiat3

241 2140 330 2173 Laus
355 2141 493 2174 Martini
519 2151 584 2175 non
610 2145 660 2174 est
684 2145 773 2175 torta

240 2188 311 2222 Nec
337 2198 376 2222 ex
399 2191 508 2223 causis
532 2200 597 2223 non
623 2194 673 2223 est
693 2193 766 2224 orta

291 2236 434 2271 Levibus
457 2241 514 2271 aut
540 2238 685 2281 frivolis;

241 2295 360 2327 Annon
384 2299 512 2338 martyr
535 2299 586 2329 est
608 2296 784 2339 Martinus,

241 2342 300 2375 Cui
324 2342 446 2377 reflexa
470 2354 607 2385 parcens
631 2346 727 2386 pinus

291 2390 330 2423 In
354 2391 465 2424 hostes
489 2393 695 2426 revolvitur?

860 1059 916 1092 lb.
938 1060 989 1092 De
1010 1060 1155 1093 Martino
1180 1060 1250 1092 Deo
1277 1062 1378 1101 grato,

939 1108 991 1140 De
1014 1108 1195 1149 praeclaro,
1223 1108 1263 1141 de
1288 1109 1384 1141 beato

990 1155 1155 1189 Geruntur
1178 1157 1344 1191 solemnia.

939 1214 1035 1248 Pium
1059 1215 1146 1247 inter
1168 1215 1337 1254 militares,

942 1264 1095 1297 Sanctum
1121 1262 1208 1295 inter
1232 1263 1430 1303 saeculareS‚

990 1311 1031 1343 In
1056 1310 1152 1343 terris
1179 1311 1369 1352 angelicum.

941 1367 1006 1402 Hic
1031 1368 1149 1402 natalis
1176 1372 1224 1401 est
1249 1368 1397 1411 Martini,

943 1417 1009 1450 Sed
1034 1416 1186 1450 alendum
1211 1418 1297 1450 hunc
1317 1416 1424 1451 Ticini

989 1465 1128 1506 Recepit
1151 1466 1257 1499 Italia.

944 1523 1161 1557 Sordescente
1186 1523 1251 1556 sibi
1274 1523 1343 1556 vita

942 1571 1110 1605 Saeculari
1134 1572 1271 1604 eremita

990 1620 1076 1652 Puer
1101 1623 1194 1660 optat
1216 1620 1300 1654 fieri.

943 1678 1086 1719 Quiquid
1113 1678 1209 1711 docet
1233 1686 1363 1711 servum
1389 1677 1463 1721 Dei,

943 1725 1016 1759 Nec
1041 1727 1171 1759 obsistit
1194 1727 1229 1759 in
1253 1727 1317 1759 hoc
1342 1727 1372 1760 ei

993 1774 1113 1809 Coacta
1136 1776 1263 1809 militia.

940 1833 1043 1873 Quam
1060 1834 1222 1878 decenter,
1251 1843 1348 1874 quam
1363 1834 1499 1866 honeste

942 1880 1106 1916 Christum
1130 1883 1211 1923 teg-it
1234 1882 1294 1914 illa
1319 1885 1409 1915 veste

988 1930 1146 1971 Pauperis
1174 1930 1320 1964 dimidia.

941 1988 1108 2022 Christum
1133 1989 1239 2021 soh-nn
1266 1989 1343 2021 dum
1366 1992 1497 2021 secutus

939 2037 1060 2070 Factus
1086 2038 1174 2070 inter
1198 2038 1309 2071 hostes
1332 2040 1422 2070 tutus

988 2085 1110 2119 Hostes
1135 2086 1336 2122 reconciliat.

943 2144 1010 2178 Sed
1037 2146 1188 2177 censetur
1211 2144 1335 2178 crebris
1360 2144 1461 2185 signis

942 2192 1032 2226 Sicut
1056 2192 1177 2234 probat
1200 2193 1315 2235 globus
1340 2193 1435 2235 ignis,

989 2241 1073 2274 Esse
1096 2251 1159 2283 par
1183 2242 1351 2284 apostolis.

858 2298 919 2332 9b.
940 2300 1089 2340 PraesuL
1116 2309 1244 2340 gemma
1269 2299 1503 2342 confessorum,

944 2347 1127 2381 Suscitator
1151 2352 1353 2382 mortuorum

989 2396 1105 2429 Trium
1135 2405 1206 2429 esse
1234 2397 1364 2433 dicitur.

857 1214 916 1248 2b.

859 1367 917 1403 3b.

858 1523 919 1558 4b.

860 1678 919 1712 5b.

856 1833 915 1867 6b.

857 1988 917 2023 7b.

858 2143 917 2177 8b.
