1652 2678
656 112 924 147 —125-—

119 207 175 239 32„
204 206 393 241 Calculosos
419 218 439 241 a
461 209 618 250 languore
819 210 878 245 3b.
899 210 1054 243 Febrium
1079 213 1217 250 punctos
1242 211 1352 251 algore

201 254 393 297 Ruptosque
419 257 552 290 coelesti
576 267 650 290 rore
900 259 1025 299 Purgat
1050 258 1119 298 ejus
1146 264 1179 290 et
1204 258 1312 291 calore

249 303 416 337 Mundant
439 314 555 345 preces
580 307 725 351 virginis,
949 307 1062 339 Virtus
1087 307 1192 340 sancti
1214 307 1365 339 numinis.

116 362 175 393 4a.
202 360 308 394 Rabie
334 363 388 403 qui
414 367 491 396 sunt
516 365 664 404 oppressi
818 365 877 398 412.
902 364 963 403 Qui
987 373 1207 398 moeroremve
1232 366 1388 409 perpessi,

202 409 268 443 Vel
295 411 416 443 caduco
442 412 556 444 morbo
583 410 671 452 fessi,
902 412 1102 446 Gaudiorum
1130 413 1249 445 dantur
1273 414 1369 445 messi

247 457 453 491 Mundantur
480 460 639 499 celeriter,
947 461 1029 501 Ejus
1054 469 1153 502 prece
1177 461 1310 502 pariter.

118 515 174 547 5a.
204 515 283 554 Igne
308 524 400 549 sacro
428 516 573 556 cruciati,
818 518 876 551 5b.
901 518 1090 559 Aldegundi
1117 519 1240 551 chorda
1266 518 1343 558 dati,

201 562 289 596 Phos
316 564 477 607 exstincti,
503 565 634 597 liberati
900 566 1017 598 Omnes
1043 575 1118 607 ergo
1146 566 1283 599 desolati

248 611 436 653 Resurgunt
465 613 639 645 salubriter
946 614 1042 647 Hanc
1065 614 1243 655 implorent
1263 615 1394 654 jugiter.

117 668 174 702 Ga.
198 667 326 700 Horum
353 670 445 710 signa
470 673 546 702 sunt
571 674 685 709 aperta
816 671 875 705 61).
899 672 966 711 Quo
991 675 1154 712 procuret,
1180 675 1217 704 ut
1240 672 1363 704 inserta

199 715 246 749 Et
270 725 290 748 a
314 716 463 757 pluribus
491 720 626 758 experta
897 719 998 752 Flore
1024 720 1182 752 castitatis
1208 723 1295 753 serta

249 763 391 805 Virginis
415 767 586 805 protectio,
945 767 1103 800 Feramus
1129 769 1163 800 in
1188 768 1315 809 gaudio.

116 822 173 853 Ta.
203 820 399 855 Catervatim
424 823 641 862 jucundemur
815 825 873 858 7b.
896 824 946 858 Ut
967 826 1003 858 in
1026 826 1125 858 terris
1152 825 1371 859 confortemur

198 869 244 902 Et
268 871 447 910 psallentes
474 873 573 905 corde
601 872 715 904 demur
897 873 943 906 Et
967 874 1000 906 in
1028 873 1126 906 coelis
1153 883 1342 906 coronemur

248 919 392 959 Virginis
423 919 588 960 obsequio,
946 922 1054 962 Ipsius
1079 922 1211 954 auxilio.

189 983 275 1011 Miss.
296 993 350 1012 ms.
371 984 544 1013 Morinense
563 993 640 1013 saec.
663 984 708 1014 16.
731 986 803 1014 Cod.
823 987 1039 1016 Andomarens.
1059 985 1125 1015 2113».
1149 1004 1183 1008 —
1204 987 1258 1020 5a,
1278 986 1296 1014 2
1310 988 1391 1016 Phos
1410 999 1450 1009 =

115 1022 191 1059 φῶς,
213 1022 421 1052 indeklinabel
440 1023 613 1059 gebraucht.

542 1125 603 1158 163.
643 1127 687 1159 De
707 1128 819 1159 sancta
841 1128 1038 1167 Aldegunde.

115 1197 170 1230 la.
197 1196 414 1230 Melbodense
432 1198 617 1237 claustrum,
635 1199 751 1239 gaude,
813 1199 870 1232 lb.
895 1200 970 1234 Jam
995 1199 1139 1240 peccatis
1164 1200 1271 1232 lumen
1299 1200 1423 1239 claude,

197 1245 404 1287 Aldegundis
430 1246 534 1279 multa
558 1247 656 1279 laude
895 1248 969 1282 Jam
993 1247 1180 1288 proscribas
1206 1248 1301 1288 pulsa
1331 1247 1448 1279 fraude

246 1294 448 1326 Praeconiza
470 1295 616 1336 gloriam,
697 1300 700 1303 '
945 1295 1064 1327 Fastus
1091 1295 1305 1327 insolentiam.

112 1353 170 1385 2a.
197 1350 272 1384 Non
297 1354 365 1383 tam
392 1352 498 1383 carnis
523 1353 709 1392 prosapiam
810 1353 870 1387 2b.
894 1353 994 1392 Quam
1013 1352 1198 1394 Rachelem‚
1225 1354 1323 1385 immo
1341 1353 1446 1392 Liam,

197 1401 382 1440 sequantur
407 1403 562 1440 quantum
587 1401 726 1441 gratiam
892 1400 1058 1434 Martham
1084 1401 1180 1433 simul
1206 1404 1238 1433 et
1262 1401 1404 1433 Mariam

244 1448 370 1480 Tantae
394 1449 508 1480 matris
533 1447 631 1488 filiae,
942 1448 1066 1481 Scimus
1093 1448 1282 1483 multifarie.

110 1507 169 1541 3a.
195 1506 244 1538 Te
267 1508 448 1546 praeventa
471 1506 597 1539 visione
809 1507 869 1541 ab.
891 1507 1127 1548 Argumentum
1154 1516 1193 1539 ex
1216 1507 1365 1550 Eudone,

195 1554 305 1587 Solum
332 1555 410 1591 sitit,
439 1555 519 1588 Jesu
544 1555 638 1595 bone,
893 1555 993 1594 Quem
1020 1564 1091 1588 cum
1117 1565 1175 1587 sua
1203 1556 1326 1588 ditione

242 1602 369 1635 Sortem
395 1611 532 1643 sequens
557 1611 746 1644 pauperum,
941 1604 1071 1644 Sprevit
1097 1607 1261 1645 tamquam
1282 1604 1446 1638 miserum.

107 1662 166 1693 431.
195 1661 220 1694 O
247 1670 344 1701 quam
370 1661 469 1701 digna
492 1661 658 1702 laudibus,
806 1662 869 1696 4b.
890 1662 989 1696 Fusis
1014 1662 1149 1695 tandem
1177 1662 1329 1702 precibus

243 1709 332 1749 Quae
355 1709 486 1742 laudem
509 1719 574 1742 non
601 1710 730 1750 sapiens
940 1710 1045 1743 Trans
1063 1710 1234 1743 Sambram
1259 1709 1447 1752 confugiens

192 1758 332 1790 Domum
359 1767 428 1790 cum
456 1758 655 1798 pauperibus
892 1759 1058 1799 Angelicis
1085 1759 1233 1791 manibus

240 1805 387 1846 Reliquit,
410 1808 448 1837 ut
472 1806 612 1846 sapiens
938 1807 1039 1839 Fulta
1063 1807 1111 1839 nil
1135 1805 1173 1839 fit
1198 1806 1337 1847 patiens.

108 1864 166 1898 5a.
194 1864 302 1898 Stanti
325 1873 424 1905 super
446 1864 572 1898 alveum
808 1865 866 1899 5b.
895 1864 969 1898 Non
994 1865 1062 1896 urit
1086 1874 1143 1896 vas
1171 1872 1305 1897 aeneum

238 1913 335 1953 Aqua
360 1922 442 1953 pons
469 1911 619 1951 efficitur,
940 1912 1006 1945 Sed
1031 1921 1091 1945 nec
1114 1914 1214 1945 vestis
1239 1913 1354 1956 uritur,

190 1964 286 2002 Aqua
311 1963 419 2002 replet
442 1970 585 1999 urceum,
889 1962 963 1995 Lux
989 1961 1139 1995 accendit
1164 1970 1302 2000 cereum,

239 2009 336 2050 Aqua
358 2011 472 2043 vinum
495 2010 630 2042 bibitur.
937 2010 1027 2050 Quae
1052 2011 1094 2043 de
1117 2019 1245 2042 sursum
1269 2010 1420 2046 mittitur.

106 2070 164 2103 6a.
193 2068 332 2109 Compos
357 2069 474 2109 mentis
501 2068 653 2101 redditur
807 2069 865 2103 eb.
888 2071 1002 2110 Agnus
1028 2069 1151 2109 piscem
1174 2069 1290 2101 nititur

237 2117 281 2158 Is,
310 2118 364 2158 qui
390 2117 475 2150 solet
498 2116 615 2161 furere,
939 2118 971 2149 A
998 2117 1103 2150 corvis
1130 2117 1256 2158 eripere

186 2167 234 2199 Et
258 2175 356 2198 sanus
383 2163 524 2198 efficitur
888 2166 960 2200 Nec
983 2167 1071 2199 laedi
1097 2167 1298 2206 permittitur

241 2214 327 2247 Puer
352 2223 487 2255 surgens
513 2214 627 2247 libere.
939 2215 1145 2257 Aldegundis
1171 2223 1313 2247 munere.

102 2274 161 2307 va.
188 2274 237 2306 Te
263 2272 490 2306 commendant
515 2276 606 2306 actus
630 2273 701 2314 isti‚'
807 2274 867 2308 7b.
893 2273 1053 2308 Comitata
1077 2282 1205 2306 servum
1231 2273 1353 2308 Christi

185 2321 404 2364 Aldegundis,
433 2331 515 2363 quae
539 2321 652 2355 vidisti
890 2322 1054 2358 Christum
1080 2330 1147 2363 ora,
1171 2322 1221 2354 cui
1244 2322 1392 2367 junxisti,

183 2372 340 2415 Amandi‚
367 2379 463 2414 quem
490 2371 644 2412 dilexisti,
887 2370 940 2405 Ne
963 2379 1094 2403 ruamus
1121 2380 1197 2403 casu
1220 2371 1307 2404 tristi

231 2419 420 2456 Transitum
442 2420 484 2453 ad
509 2420 659 2462 patriam.
935 2419 1100 2461 Adepturi
1124 2420 1271 2461 gloriam.
