1652 2678
181 214 243 247 4a.

185 380 233 412 53

186 757 235 790 la

186 923 242 955 2a.

188 1135 244 1168 3a.

186 1348 248 1380 4a.

190 1610 246 1643 52.

719 115 983 151 —103-—-

271 212 351 246 Tam
377 214 454 255 alta,
480 218 546 246 tam
572 214 712 256 humilis,

267 262 323 295 Ad
345 263 520 296 texendum
545 263 666 296 habilis

317 311 416 344 Tanti
440 311 529 353 pacti
553 311 703 354 fibulam3

272 379 382 412 Trahe
406 389 475 422 nos,
502 391 520 412 0
547 381 686 420 domina,

268 427 343 460 Non
368 431 432 461 tam
460 438 519 470 per
546 430 724 463 certamina

317 476 420 517 Quam
442 477 542 518 gratis
567 478 611 510 ad
634 477 794 518 bravium,

882 215 941 248 4b.
964 215 1087 247 Terrae
1110 213 1193 254 ligas
1218 214 1361 253 aethera,

965 262 1096 295 Sursum
1122 262 1225 294 trahis
1249 259 1356 294 infera

1013 311 1077 344 Per
1104 310 1283 343 mirandam
1309 310 1466 351 copulam.

883 380 943 414 5b.
959 379 1006 412 Et
1031 388 1124 421 quem
1147 388 1207 420 pro
1230 378 1387 411 memoria

965 428 1070 461 Tenes
1094 428 1180 461 inter
1204 426 1348 467 brachia,

1012 476 1107 510 Dona
1130 476 1223 510 nobis
1247 474 1359 508 filium.

262 553 347 581 Miss.
368 562 422 581 ms:
445 553 474 582 S.
499 554 627 582 Amanrli
649 563 725 582 save.
750 551 793 582 14.
817 553 888 582 Cod.
909 553 1165 582 Valentinianens.
1190 550 1252 579 111.

630 674 691 706 133.
734 674 777 706 De
797 675 893 706 beata
913 673 1014 706 Maria
1034 675 1071 706 Vt

268 757 349 796 Ave,
377 756 488 798 regina
513 757 686 799 coelorum,

266 804 377 838 Mater
401 805 487 846 regis
513 806 711 846 angelorum,

319 854 402 894 Ave,
430 862 504 894 spes
532 854 752 894 credentium3

270 921 308 955 In
336 922 473 954 salutem
495 921 614 954 mundo
641 921 739 959 daris,

271 969 395 1010 Regum
422 970 521 1002 ramis
545 969 739 1010 procrearis,

272 1017 405 1051 Pati-um
428 1026 534 1050 mores
558 1017 706 1055 imitaris,

273 1065 427 1099 Abrahae
452 1066 550 1098 iidem
574 1066 720 1100 sectaris.

271 1133 356 1167 Dum
382 1134 515 1174 angelus
540 1137 573 1166 te
598 1134 728 1175 salutat,

274 1181 333 1214 Jus
358 1183 392 1215 in
417 1186 451 1214 te
474 1184 591 1215 natura
615 1185 728 1222 mutat,

273 1229 423 1271 Concipis
450 1230 565 1263 ordine
588 1230 671 1263 miro

270 1278 346 1311 Non
376 1280 550 1312 commixta
570 1279 652 1312 viro.

274 1346 375 1389 Audi,
402 1346 487 1388 vide,
515 1347 599 1379 senti
623 1346 751 1387 mirum,

270 1394 381 1437 Haeo,
424 1404 507 1435 quae
540 1404 704 1437 nunquam
735 1396 828 1428 novit

593 1445 709 1484 virum,

272 1491 358 1525 Nato
381 1491 449 1525 Deo
470 1495 535 1525 stat
561 1495 695 1525 onerata

273 1539 472 1582 Virginitate
498 1544 699 1575 conservata.

275 1608 300 1641 O
327 1608 423 1642 stella
447 1608 557 1648 maris,

271 1656 460 1698 Vagientem
469 1657 632 1692 Christum
639 1657 825 1699 consolaris,

273 1705 415 1739 Patienti
442 1706 655 1746 contristariS,

272 1753 469 1796 Resurgenti
495 1755 699 1794 conlaetaris‚

272 1802 511 1835 Ascendentem
539 1803 777 1843 contemplaris

885 1345 945 1379 412.

887 1609 946 1643 5b.

886 755 942 789 lb.
966 757 1048 797 Ave,
1073 764 1198 797 gemma
1222 757 1332 789 lucens
1357 763 1494 797 morum,

967 805 1049 846 Ave,
1078 804 1175 837 decus
1201 804 1463 845 orthodoxorum,

1020 856 1101 895 Ave,
1130 853 1271 886 candens
1297 852 1410 886 lilium.

887 927 892 936 ⁵
937 948 944 954 .
969 919 1024 953 Sie
1045 921 1173 954 devotio
1199 920 1309 954 Josiae

969 968 1014 1000 Et
1039 978 1095 1002 001·
1119 972 1239 1000 tectum
1264 968 1425 1001 Ezechiae

970 1017 1214 1058 Salomonisque
1236 1016 1351 1057 sophia

969 1066 1009 1098 In
1035 1069 1068 1098 te
1093 1064 1286 1108 praefulget,
1311 1064 1429 1097 Maria.

886 1154 893 1163 .
939 1160 945 1166 .
969 1132 1080 1165 Terris
1105 1142 1170 1173 pax
1200 1132 1347 1173 donatur,

968 1180 1072 1213 Vetus
1099 1182 1193 1222 eulpa
1219 1181 1394 1220 relaxatur,

971 1229 1065 1261 Adae
1088 1238 1148 1270 pro
1175 1233 1314 1262 comesto
1340 1237 1435 1270 pomo

969 1276 1056 1309 Dum
1081 1277 1170 1310 Deus
1194 1276 1234 1309 fit
1257 1278 1363 1311 homo.

968 1345 1089 1378 Natum
1110 1345 1212 1378 fetum
1229 1344 1295 1378 fert
1311 1345 1353 1377 ad
1367 1345 1522 1385 templum

968 1394 1115 1427 Matrum
1137 1397 1322 1427 nostrorum
1346 1394 1390 1426 ad
1415 1402 1522 1425 exem-

1291 1444 1391 1484 plum,

970 1491 1070 1524 Videt
1077 1499 1186 1532 senex,
1198 1491 1283 1532 quod
1294 1490 1524 1533 praestolatur,

968 1541 1007 1573 In
1032 1548 1114 1581 paee
1140 1540 1260 1572 dimitti
1286 1543 1448 1581 pree-atur.

968 1608 1043 1640 Non
1068 1608 1191 1641 habens
1218 1608 1385 1649 aequalem

970 1657 1081 1690 Vitam
1106 1656 1180 1690 finis
1205 1657 1427 1698 temporalem,

971 1705 1103 1739 Portam
1128 1705 1217 1738 subis
1243 1706 1449 1744 aeternalem,

971 1753 1137 1787 Thronum
1161 1754 1291 1787 scandis
1317 1754 1506 1795 specialem?

971 1802 1015 1834 Es
1043 1803 1154 1843 regina
1180 1802 1394 1836 Hierusalem.

598 1873 630 1906 6.
656 1871 745 1912 Ergo
770 1871 873 1904 nostri
898 1880 1087 1912 memorare,

655 1919 777 1952 Natum
801 1922 891 1953 tuum
918 1920 1105 1961 deprecare,

657 1969 706 2003 Ut
729 1968 773 2002 ad
798 1969 924 2001 dextris
938 1968 1021 2003 velit
1035 1977 1095 2002 nos
1115 1970 1233 2008 locare

655 2017 742 2051 Dum
763 2018 906 2059 eoeperit
923 2018 1064 2051 saeelum
1073 2017 1231 2060 judicare.

223 2089 313 2119 Grad.
335 2099 389 2118 ms.
411 2090 601 2118 Dominican.
623 2097 700 2118 saec.
724 2088 770 2118 14.
792 2090 864 2119 Cod.
885 2090 1112 2128 Oenipontanus
1133 2088 1199 2118 710.

184 2288 240 2323 la.

633 2204 696 2237 134.
736 2205 780 2238 De
798 2205 898 2238 beata
918 2205 1021 2238 Maria
1040 2206 1078 2237 V.

268 2289 350 2331 Ave,
377 2290 484 2320 mater
505 2288 641 2330 gratiae,

267 2336 438 2379 Virginale
467 2337 646 2379 speculum,

265 2385 433 2421 Hortalus
453 2386 654 2427 elementiae,

268 2436 411 2470 Reomm
435 2434 607 2478 refugium.

888 2289 947 2323 1b.
969 2288 1106 2322 Pietatis
1132 2289 1265 2333 rivulus,

974 2337 1043 2377 Quo
1067 2342 1179 2371 manat
1203 2339 1379 2373 remedium

970 2386 1043 2429 His,
1071 2387 1127 2429 qui
1150 2397 1210 2429 pro
1235 2388 1424 2423 criminibus

971 2436 1144 2470 Mereatur
1168 2438 1372 2479 supplicium.
