1652 2678
704 129 752 136 -—-

167 206 225 240 23.
252 205 341 239 Ante
368 204 481 240 florem
507 208 689 249 pubertatis

252 254 364 289 Motus
388 255 470 289 vicit
492 256 637 290 levitatis

299 304 411 337 Animi
440 306 631 347 constantia,

168 362 229 395 3a.
254 361 436 395 Andomari

251 409 407 452 Regulari

297 459 414 492 Fultus
437 459 656 501 providentia,

166 516 224 551 4a.
250 514 364 550 comes
390 520 463 550 orat

253 563 299 598 Et
322 565 478 607 implorat

298 614 409 647 Vitam
433 614 523 647 laesa
548 614 639 655 tibia,

165 671 227 707 5a.
253 672 293 704 In
317 672 500 711 praedones

249 718 296 752 Et
318 719 462 752 latrones

297 767 447 800 Immittit
478 767 656 808 daemonia,

163 826 223 859 63.
249 825 388 859 Sanctus
412 826 545 866 praesul
568 826 709 858 Turonis

247 874 462 907 Tentamenta
488 873 652 907 daemonis

298 921 403 956 Solvit
426 922 610 964 muliebria,

165 981 222 1014 va.
251 980 353 1013 Sanat
376 980 620 1013 daemoniacum

247 1027 489 1070 Profugumque
513 1027 705 1061 monachum

295 1075 424 1109 Firmat
446 1077 665 1118 poenitentia3

161 1135 220 1168 83.
245 1134 353 1175 Fugat
371 1138 498 1167 noctem
525 1135 690 1167 caecitatis

244 1231 291 1264 Et
314 1232 440 1264 relaxat
466 1230 640 1265 carceratis

294 1280 489 1313 Catenarum
509 1280 682 1320 vincinam,

159 1339 217 1371 9a.
245 1337 352 1378 Salve,
378 1339 475 1378 pater
500 1339 533 1369 et
558 1334 732 1378 confessor,

242 1386 420 1426 Tamquam
444 1386 517 1426 pius
543 1386 740 1418 intercessor

291 1433 420 1467 Christo
445 1443 504 1467 nos
527 1433 668 1475 intitula,

803 110 872 148 145
924 131 969 138 —·-

866 209 927 245 2b.
946 209 1106 243 Mundum
1128 208 1191 242 sibi
1213 208 1374 243 crucifixit.

946 257 994 292 Et
1015 259 1161 291 maturus
1187 266 1286 291 senex
1309 258 1393 291 vixit

995 306 1035 339 In
1060 306 1289 342 adolescentia,

864 364 924 401 δὴ.
946 363 1040 398 Nave
1064 364 1180 397 ductus

949 412 1071 446 Contra
1095 411 1212 446 fluctus

994 461 1126 494 Fundat
1150 460 1307 495 aedificia.

863 517 925 555 4b.
947 519 1012 553 Per
1037 519 1205 552 Bertinnm

945 567 1071 600 Fundit
1095 568 1204 600 vinum

996 615 1090 648 Sicca
1114 625 1247 657 prorsus
1271 615 1399 659 hydria.

863 673 922 707 5b.
944 673 1054 714 Fugat
1077 673 1187 707 Dauos

943 720 991 755 Et
1012 722 1145 754 insanos

993 770 1055 803 Via
1078 774 1175 804 necat
1198 770 1297 804 invia.

861 827 923 863 6b.
943 827 1015 861 Lex
1036 827 1214 870 adstringit
1233 828 1366 860 viduam

944 875 1059 917 Neque
1082 878 1214 909 movent
1241 878 1400 909 mortuam

990 924 1098 957 Multa
1122 924 1237 958 borum
1262 924 1364 965 paria.

862 981 917 1016 71).
938 982 1066 1022 Lapsus
1089 982 1168 1014 tecti
1194 983 1334 1014 culmine

942 1030 1044 1064 Liber
1069 1039 1088 1063 a
1114 1031 1300 1071 gravamine

993 1078 1107 1111 Nescit
1130 1079 1332 1119 praecipitia.

859 1135 918 1171 8b.
942 1135 1094 1176 Surdum,
1120 1139 1252 1179 mutum,
1274 1136 1423 1169 claudum
1442 1144 1492 1169 sa-

939 1231 986 1265 Et
1011 1232 1052 1264 de
1077 1235 1168 1265 veste
1192 1187 1322 1274 sangani}
1345 1235 1457 1265 manat

988 1280 1034 1312 Et
1059 1280 1101 1313 de
1125 1279 1255 1322 frugum
1279 1280 1411 1320 stipula.

857 1337 915 1371 9b.
937 1336 985 1371 Ut
1008 1340 1042 1370 te
1067 1345 1197 1378 semper
1222 1347 1413 1372 veneremur

936 1385 983 1419 Et
1006 1395 1079 1419 cum
1104 1386 1234 1420 Christo
1260 1387 1435 1428 gloriemur

988 1434 1027 1467 111
1052 1437 1186 1468 aeterna
1210 1435 1351 1469 saecula.

231 1511 317 1538 Miss.
337 1519 392 1539 ms.
412 1510 586 1539 Mox-iriense
606 1517 683 1538 saec.
706 1508 751 1539 16.
771 1510 844 1539 eod.
865 1510 1081 1540 Audomarens.
1103 1509 1170 1539 215.

581 1623 639 1657 191.
685 1625 729 1657 De
748 1625 858 1657 sancto
877 1624 1065 1657 Bertrando.

156 1706 211 1740 la.
241 1705 333 1738 Sacri
358 1704 443 1738 festa
469 1703 663 1739 confessoris

238 1753 433 1787 Recolamus
459 1757 492 1786 et
517 1755 644 1787 canoris

287 1801 498 1835 Exsultemus
522 1802 673 1844 moduliS,

153 1863 211 1896 2a.
238 1860 347 1902 Digne
373 1861 468 1894 decet
491 1860 653 1901 venerari,

237 1909 345 1950 Digne
371 1909 502 1951 dignum
527 1910 719 1950 praeconari

285 1958 425 1991 Virtutis
450 1957 652 2001 signiferum,

151 2018 208 2052 33.
236 2018 342 2051 Homo
367 2026 474 2058 veruS‚
501 2018 596 2050 homo
621 2026 733 2058 purus,

234 2065 360 2099 Mundo
386 2066 537 2110 blandus,
563 2066 627 2099 sibi
654 2067 764 2108 darm,

284 2114 399 2148 Carnis
427 2115 556 2148 calcans
581 2114 752 2156 lubricum,

851 1706 912 1740 lb.
934 1706 1142 1739 Gratulemur
1167 1709 1276 1738 mente
1300 1715 1384 1747 pura

935 1756 1175 1796 Prosequentes
1201 1755 1310 1787 cordis
1335 1755 1432 1789 thura

983 1802 1161 1836 Labiorum
1184 1803 1299 1836 titulis.

852 1861 913 1896 2¹0.
936 1861 1035 1901 Cujus
1060 1860 1156 1893 fulsit
1178 1861 1336 1903 insignita

934 1909 1144 1943 Documentis
1170 1910 1291 1943 sanctis
1316 1910 1385 1943 vita

983 1958 1167 1992 Verborum
1191 1960 1225 1991 et
1248 1968 1394 2000 operum,

852 2016 911 2053 3b.
937 2017 1057 2051 Contra
1082 2025 1213 2050 carnem
1239 2017 1405 2051 dimicavit

934 2066 981 2099 Et
1004 2074 1041 2099 se
1065 2068 1168 2098 totum
1192 2059 1438 2101 transformavit

983 2115 1024 2148 1n
1046 2116 1167 2148 statum
1192 2115 1382 2156 angelicum.

147 2176 205 2208 4a.
234 2172 322 2206 Vicit
347 2181 488 2216 carnem,
518 2173 598 2206 vicit
622 2174 788 2216 mundum,
847 2172 909 2208 4b.
931 2174 985 2207 Ex
1010 2173 1061 2206 his
1086 2173 1192 2206 tribus
1219 2173 1417 2208 conculcatis

234 2222 323 2255 Vicit
347 2221 466 2255 fortem
494 2224 526 2255 et
548 2222 748 2255 immundum

281 2271 418 2305 Hostem
443 2271 540 2304 Adae
564 2270 695 2314 veteris,

146 2333 203 2366 53.
231 2331 362 2372 Hospes
388 2333 506 2372 terrae,
535 2330 614 2362 civis
640 2329 718 2370 poli,

232 2381 276 2415 Se
299 2380 484 2414 subducens
512 2379 618 2412 carnis
643 2378 722 2412 moli

279 2429 424 2471 Sequens
450 2428 621 2470 spiritalia,

201 2491 330 2519 Brevem
345 2490 493 2520 Sequentiae
505 2489 623 2514 Ineditae.
653 2488 699 2513 111.

935 2222 1087 2256 Summae
1110 2222 1216 2255 cultor
1240 2222 1398 2256 trinitatis

984 2271 1169 2312 Gonregnat
1195 2279 1267 2303 cum
1291 2274 1429 2313 superis.

848 2329 908 2365 512.
933 2330 1020 2363 Dum
1045 2339 1066 2363 a
1090 2338 1188 2363 carne
1212 2339 1248 2362 se
1272 2333 1451 2378 suspendit>

932 2379 1039 2420 Supra
1065 2387 1194 2414 carnem
1220 2381 1465 2422 comprehendit

978 2429 1179 2472 Angelorum
1204 2430 1335 2471 gandia.

1275 2485 1310 2517 10
