1652 2678
677 78 918 113 —34—

562 171 610 204 35.
650 173 685 205 In
705 173 796 205 Festo
816 172 1029 204 Pentecostes.

138 231 198 263 la.
224 228 297 263 Lux
321 232 466 274 insignis*

221 278 352 312 Ardens
377 281 471 322 ignis,

268 328 290 361 J
292 336 348 360 esu
374 328 494 363 Christi
519 331 662 373 spiritus,

138 386 194 418 2a.
223 384 353 419 Summa
376 392 483 421 exstas
509 391 657 430 essentia,

219 432 313 473 Nam,
339 438 375 467 ut
401 436 506 468 credit
528 438 673 479 ecclesia,

269 482 358 515 Deus
390 493 423 516 es
450 487 481 517 et
507 485 657 525 spiritus:

137 541 195 574 Sa.
221 539 272 571 Tu
299 543 427 573 creator
450 550 514 574 non
541 548 666 576 creatus

222 587 268 619 Es
295 597 356 620 nec
380 592 475 629 pater
500 599 603 631 neque
626 595 729 628 natus*

268 635 333 669 Sed
359 637 538 677 procedens
564 640 715 684 spiritus3

135 695 193 727 4a.
220 693 286 726 Par
309 695 439 735 utrique
463 698 624 736 potestate

218 740 265 773 Et
288 742 406 783 ubique
431 744 599 783 majestate

268 789 315 822 Es
342 792 532 832 complendo
558 794 683 835 omnia3

138 850 194 882 5a.
221 847 271 879 Tu
296 857 387 881 amor
414 858 447 882 es
474 853 506 881 et
528 851 633 890 pietas

222 895 266 928 Et
294 900 342 928 est
368 900 424 930 tua
448 899 644 939 proprietas,

270 944 433 979 Virtutum
460 946 539 978 dare
564 955 699 988 generag

136 1005 193 1038 6a.
221 1002 272 1035 Tu
298 1003 409 1036 divina

219 1051 413 1093 Disciplina,

226 1099 418 1133 Columbina

220 1148 271 1181 Tu
297 1149 446 1182 doctrina

266 1195 421 1239 Ignisque
447 1206 480 1230 es
508 1200 538 1229 et
565 1198 692 1239 uncti03

137 1258 192 1289 7a.
221 1255 327 1295 Nunc,
359 1256 493 1297 spiritus

267 1304 373 1343 Alme,
400 1304 475 1337 veni

222 1352 268 1385 Et
291 1351 438 1385 funditus

271 1401 396 1435 Cuncta
420 1401 487 1434 leni

315 1450 420 1483 Nobis
452 1449 677 1490 adversantia3

832 235 850 268 1
862 234 891 267 b.
914 234 1127 267 Peccatorum

916 282 977 322 Qui
1003 284 1190 313 cunctorum

963 329 1105 362 Exsistis
1130 329 1319 370 paraclitus,

833 387 892 422 ab.
915 387 1004 420 Deus
1029 390 1165 428 propter
1189 387 1357 427 unitatem,

915 436 1051 469 Flamen
1081 438 1218 476 propter
1242 435 1423 468 trinitatem

966 484 1180 524 Coaequalem
1204 483 1366 524 poenitus,

835 543 895 577 3b.
917 542 970 575 Ab
997 544 1132 582 utroqae
1157 544 1194 574 tu
1218 540 1370 582 procedis

917 591 963 624 Et
987 601 1007 624 a
1031 590 1119 622 nullo
1144 593 1181 622 tu
1203 589 1330 623 recedis

965 640 1036 672 Nec
1062 647 1095 671 es
1120 639 1181 672 ulli
1206 637 1368 671 subditus

832 697 893 731 412.
915 698 965 730 Tu
990 706 1132 739 persona
1155 697 1323 739 t1·initatiS‚

913 747 1002 786 Quae
1028 745 1086 778 das
1114 745 1198 778 dona
1222 746 1357 778 unitatis

967 794 1046 827 Cum
1072 794 1316 834 omnipotentia.

835 850 893 884 5b.
915 852 955 885 In
979 854 1012 884 te
1036 851 1218 884 subsistunt
1241 853 1359 892 omnia,

916 900 982 932 Per
1006 904 1040 932 te
1065 900 1233 933 solvuntur
1257 900 1355 934 noxia

966 947 1124 987 Pacisque
1150 951 1298 982 constant
1323 947 1468 983 foedera.

836 1003 896 1038 6b.
918 1004 1004 1043 Quos
1030 1003 1091 1044 vis,
1117 1007 1244 1048 pungis,

919 1052 1004 1092 Quos
1028 1051 1088 1091 vis,
1114 1053 1208 1093 ungis

921 1100 967 1132 Et
993 1100 1190 1141 compungis‚

920 1149 1005 1189 Quos
1030 1149 1196 1190 perungis‚

968 1196 1023 1230 Sic
1048 1205 1109 1236 per
1133 1199 1167 1228 te
1189 1196 1227 1229 fit
1252 1197 1400 1231 salvatio.

837 1256 856 1288 7
864 1254 895 1288 b.
917 1255 963 1287 Et
988 1254 1043 1296 qui
1070 1254 1163 1287 donis

967 1303 1014 1336 Es
1040 1305 1204 1344 septenuS‚

920 1351 990 1384 Fac
1014 1353 1050 1384 ut
1074 1351 1167 1383 bonis

969 1398 1047 1432 Tuis
1078 1399 1194 1440 plenus

1017 1446 1067 1479 Sit
1090 1456 1169 1489 grex
1194 1451 1279 1489 tuus,
1306 1449 1464 1490 Alleluia.

215 1517 258 1544 Pr«
290 1525 332 1545 ar.
353 1526 408 1545 ms.
434 1517 663 1546 Marchianense
683 1525 760 1545 saec.
784 1513 828 1544 15.
851 1514 921 1543 Cod.
942 1516 1091 1543 Duacens.
1115 1512 1179 1543 123.

576 1610 621 1642 36.
662 1610 697 1642 In
718 1608 809 1641 Festo
830 1608 1043 1641 Pentecostes.

162 1675 221 1707 la.
250 1673 420 1706 Hodierna
446 1673 499 1706 die
525 1672 614 1704 clara

247 1722 411 1755 incolatus
439 1721 542 1754 nostri
566 1729 624 1752 ara

298 1771 487 1804 immoletur
511 1769 626 1809 hostia,

162 1831 220 1862 2a.
246 1828 425 1862 Pharaonis
450 1835 529 1870 grex
553 1825 672 1869 fidelis⁷

246 1877 347 1918 Opem
373 1878 493 1918 adepta
518 1884 535 1907 e
563 1875 671 1915 caelis,

295 1926 375 1959 Cum
397 1924 553 1958 transiret,
574 1923 688 1957 maria.

161 1986 214 2018 3a.
243 1983 366 2017 Sonant
390 1993 469 2017 voce
494 1982 646 2020 tonitrua,

251 2032 374 2065 Crebra
394 2033 568 2065 mittuntur
593 2028 731 2071 fulgura,

297 2081 410 2113 Turba
433 2081 532 2121 pavet
555 2078 675 2121 nescia,

162 2140 222 2173 4a.
249 2138 319 2171 Lex
346 2137 491 2171 caritatis
517 2136 659 2169 traditur

246 2187 291 2219 Et
318 2187 449 2228 Moyses
474 2185 630 2217 imbuitur

299 2236 421 2270 Divina
445 2233 602 2273 scientia3

163 2296 183 2327 5
197 2302 224 2325 a.
253 2293 395 2334 Linguas
421 2293 506 2335 ignis
532 2292 726 2332 adspiciunt,

247 2341 342 2374 Dona
366 2343 451 2375 mira
474 2341 669 2382 percipiunt,

297 2390 404 2423 Corda
427 2393 503 2424 sunt
522 2389 680 2423 ardentia.

836 1670 894 1704 lb.
918 1671 1147 1712 Quinquagena
1170 1671 1229 1702 lux
1254 1673 1399 1711 venerat,

918 1720 988 1760 Qua
1011 1719 1199 1761 Aegyptum
1225 1719 1350 1751 exierat

967 1767 1105 1809 Fugiens
1136 1768 1273 1801 saevitia

835 1826 893 1859 2b.
916 1827 1040 1860 Montis
1066 1825 1145 1858 Sina
1168 1826 1212 1859 ad
1236 1825 1366 1859 radices

917 1875 998 1908 Suas
1026 1874 1200 1907 demittunt
1226 1874 1368 1908 cervices

964 1923 1147 1956 Trahentes
1173 1924 1327 1964 suspiria,

836 1983 895 2015 31).
921 1981 1006 2021 Quid
1030 1981 1208 2021 protendat
1230 1981 1435 2023 miraculum,

919 2030 1011 2070 Quod
1037 2029 1106 2070 agit
1130 2033 1206 2062 ante
1230 2030 1388 2071 populum

968 2078 1109 2119 Spiritus
1134 2079 1332 2119 praesentia.

835 2135 894 2169 4b.
920 2135 975 2169 Sic
998 2136 1098 2169 hodie
1123 2138 1292 2179 apostolis,

918 2185 1034 2218 Multis
1062 2185 1158 2218 datur
1184 2186 1388 2219 Christicolis

967 2234 1019 2267 De
1043 2235 1193 2275 supernis
1219 2236 1335 2277 gratia.

836 2291 896 2325 51).
920 2294 1023 2326 Amor
1049 2293 1155 2334 patris
1181 2295 1215 2325 et
1239 2292 1309 2338 filii,

920 2341 999 2374 Veri
1025 2341 1121 2374 dator
1147 2341 1285 2377 consilii.

969 2388 1176 2432 Septiformis
1202 2392 1317 2432 gratia,
