1652 2678
669 109 934 145 —118—

525 214 588 246 153.
628 214 672 245 De
694 220 733 243 ss.
754 210 864 243 Abdon
886 211 920 242 et
940 210 1074 241 sennen.

135 303 194 336 la.
222 303 340 336 Manus
362 303 500 345 linguae,
527 303 638 343 lingua
664 301 756 333 cordi

222 351 276 383 Sic
302 352 486 390 concordet,
513 353 550 382 ut
576 348 728 382 concordi

266 399 353 431 Laus
378 400 527 438 erumpat
550 397 693 430 modulo.

132 458 190 491 2a.
217 456 303 496 Vita,
324 464 413 498 voce,
439 457 513 487 voto
539 453 679 493 plaudit,

217 505 278 544 Qui
305 503 440 535 devotus
467 501 587 535 Abdon
613 500 706 533 audit

265 551 312 583 Et
337 549 459 582 Sennes
484 549 635 589 insignia.

134 610 190 642 32..
218 607 282 640 Diu
303 606 374 638 Deo
400 606 459 638 sed
485 605 648 638 occultum

215 655 352 687 Solvunt
376 654 432 686 isti
458 653 544 686 dono
570 654 691 686 cultum

262 702 363 735 Fidei
389 702 579 742 catholicae,

129 762 187 794 4a.
216 759 289 792 Hoc
313 768 379 792 non
397 758 506 792 ferens
523 768 656 800 praeses
676 758 766 800 furit,

215 809 363 850 Praeses,
392 808 482 848 cujus
507 809 648 840 mentem
673 808 740 840 urit

262 856 358 889 Zelus
383 856 577 897 idolatriae3

130 915 187 948 5a.
214 913 371 947 Veritatis
395 915 431 946 in
455 923 634 954 praecones

214 963 318 996 Ursos
343 965 440 1002 parat
465 965 498 994 et
521 962 633 994 leones

262 1010 322 1042 Eis
346 1014 384 1042 ut
408 1012 459 1043 leo
484 1010 626 1053 rugiens,

129 1069 186 1102 ea.
214 1068 324 1102 Vincti
349 1068 460 1100 multis
484 1069 698 1110 lacessuntur,

216 1117 248 1149 A
273 1115 441 1156 praefecto
467 1119 654 1150 statuuntur

261 1165 379 1198 Coram
403 1165 480 1197 solis
506 1166 624 1206 statua,

129 1223 186 1258 7a.
214 1222 351 1256 Pietatis
376 1223 500 1263 praedo
526 1232 655 1255 rursum

210 1271 277 1303 Dat
302 1270 440 1311 leonem,
469 1270 526 1302 dat
552 1273 584 1302 et
608 1281 722 1304 ursum

257 1318 468 1351 Devorandis
496 1318 639 1360 canibus,

129 1377 187 1411 8a.
214 1377 320 1410 Ferro
349 1377 482 1409 tandem
509 1377 739 1419 dissolvuntur,

212 1425 404 1457 Innocentes
428 1424 652 1465 provehuntur

260 1472 316 1505 Ad
340 1473 500 1505 victorum
526 1473 639 1515 aciem,

130 1532 185 1565 951..
212 1530 274 1563 His
302 1531 481 1570 prudenter
506 1531 717 1573 instruamur,

211 1578 413 1620 Retinentes,
438 1588 481 1611 ne
504 1579 682 1621 vincamur,

261 1626 427 1660 Sationem
450 1626 547 1669 fidei;

832 300 850 333 1
858 299 891 333 b.
914 297 1063 330 Laudem
1074 296 1214 337 pulchre
1226 295 1339 336 lingua
1346 294 1473 335 pangit,

917 345 997 378 Cum
1022 353 1205 377 sermonem
1230 352 1311 383 opus
1336 343 1444 383 tangit

965 392 1083 426 Castae
1111 391 1229 424 mentis
1255 392 1375 424 osculo.

830 450 890 485 2b.
915 449 961 483 Hi
986 453 1063 482 sunt
1086 450 1159 490 viri,
1192 449 1262 481 vita
1286 458 1424 490 quorum

915 498 959 531 Se
985 496 1111 531 famosa
1135 500 1298 531 monstrat
1322 507 1449 531 morum

963 546 1089 588 Insigni
1113 546 1282 581 memoria.

830 603 890 639 3b.
912 603 978 637 Sed
1001 613 1073 636 cum
1098 606 1228 644 tempus
1254 606 1473 645 opportunum

912 653 1034 693 Poscit,
1062 653 1169 685 Deum
1195 652 1317 685 trinum
1342 662 1440 685 unum

960 699 1163 734 Profitentur
1187 700 1330 741 publice.

829 758 889 792 4b.
908 758 1032 791 Ambos
1058 759 1179 800 pulsat,
1205 762 1323 791 neuter
1349 759 1449 799 cadit,

912 806 1037 839 Ambos
1063 807 1190 840 vinctos
1216 809 1309 840 artae
1333 807 1439 840 tradit

961 855 1007 888 Et
1031 856 1124 897 gravi
1150 855 1329 889 custodiae.

828 913 888 948 5b.
913 913 979 946 Sed
1004 915 1178 954 utrumque
1203 922 1263 946 rex
1287 914 1445 947 virtutum

913 961 1051 994 Servum
1075 962 1139 995 sibi
1165 965 1277 995 servat
1302 965 1408 995 tutum

959 1010 1064 1043 Feras
1089 1013 1195 1042 morte
1221 1009 1354 1045 ferienS.

829 1068 888 1102 eb.
911 1067 1010 1108 Cujus
1038 1069 1160 1101 cultum
1185 1072 1377 1109 respuentes

911 1116 957 1149 Et
980 1116 1016 1148 in
1040 1118 1148 1158 ipsam
1175 1120 1371 1157 exspuentes

959 1164 1044 1198 Fide
1068 1167 1196 1198 certant
1226 1168 1369 1199 strenua.

828 1223 888 1257 712.
912 1222 978 1255 Sed
1005 1223 1060 1263 qui
1085 1223 1181 1256 mites
1207 1227 1283 1257 sunt
1309 1223 1424 1265 effecti,

910 1269 1114 1305 Perferendo
1141 1282 1161 1304 a
1185 1272 1348 1313 praefecti

961 1319 1109 1353 Tuentur
1132 1320 1329 1354 incursibus

827 1377 887 1412 810.
914 1377 1002 1410 Vere
1027 1379 1172 1420 vincunt,
1199 1388 1265 1412 non
1282 1380 1465 1421 vincuntur,

910 1426 1021 1459 Vitam
1045 1436 1126 1460 nece
1150 1427 1394 1467 nanciscuntur,

960 1474 1044 1508 Rem
1070 1484 1139 1518 spe,
1165 1475 1233 1508 fide
1258 1476 1411 1518 speciem.

829 1533 889 1568 9b.
913 1533 999 1573 Quos
1025 1534 1189 1575 gradatim
1213 1534 1262 1566 sic
1287 1544 1468 1576 sequamur,

910 1581 959 1615 Ut
984 1590 1058 1614 cum
1081 1583 1162 1623 ipsis
1189 1591 1373 1617 mereamur

959 1630 1016 1662 Ad
1041 1640 1184 1672 superna
1207 1633 1356 1672 provehi.

201 1713 286 1741 Miss.
314 1721 368 1741 ms.
395 1713 581 1741 Ebroicense
628 1722 689 1742 aec.
723 1713 767 1742 1⁴¹.
796 1714 869 1744 Ood.
893 1715 1071 1745 Ebroicens.
1098 1714 1146 1745 98.
1173 1717 1208 1745 A.
1229 1732 1269 1738 —-
1290 1719 1376 1747 Miss.
1403 1727 1455 1746 ms.

125 1750 310 1780 Ebroicense
330 1759 407 1781 saec.
430 1749 475 1780 15.
498 1750 569 1780 Cod.
590 1754 766 1782 hibi-oicens.
787 1751 834 1783 99.
855 1755 891 1783 Β.
908 1769 947 1774 -
960 1752 1013 1791 310,
1034 1754 1053 1783 2
1074 1757 1188 1784 trinum
1208 1759 1239 1784 et
1259 1767 1353 1786 unum
1376 1758 1410 1785 B.
1427 1771 1466 1776 ——

125 1787 177 1824 531,
199 1788 217 1819 3
237 1790 293 1818 Eis
313 1788 374 1826 (iis)
393 1800 432 1819 zu
452 1792 665 1827 synicesieren.
687 1809 726 1813 —
747 1791 802 1828 71),
823 1792 841 1820 2
861 1794 1078 1823 Praeferendos
1099 1796 1133 1824 B.

566 1912 631 1946 154.
676 1915 721 1947 De
742 1917 852 1948 sancto
872 1915 1023 1948 Adriano.

533 2004 563 2037 1.
589 2005 701 2038 Laetis
726 2007 823 2046 tange
849 2005 979 2048 fidibus,

638 2053 742 2085 Laeta
766 2053 891 2086 instant
913 2053 1043 2096 gaudia,

638 2100 743 2133 Laeta
767 2102 913 2134 reddunt
938 2101 1056 2144 omnia,

129 2158 186 2191 2a.
212 2157 372 2190 Praesens
396 2157 502 2198 turba,
530 2158 657 2190 meritis

210 2205 309 2237 Tanti
331 2206 455 2246 plaude
478 2206 634 2246 martyris

258 2254 411 2287 Jucunda
434 2253 586 2288 melodia.

129 2313 185 2345 3a.
214 2310 344 2343 Gaudet
367 2314 493 2352 martyr
516 2311 551 2342 in
574 2320 688 2352 poena,

213 2359 278 2392 Sua
301 2367 360 2399 spe
381 2360 453 2393 Deo
478 2360 576 2400 plena

259 2407 384 2440 Irridet
408 2407 582 2448 supplicia.

826 2158 889 2193 2b.
912 2159 1001 2191 Voce
1025 2159 1110 2194 bene
1137 2171 1279 2198 consona

911 2206 989 2240 Vita
1013 2210 1134 2243 reddat,
1156 2217 1337 2251 pneumata

958 2255 1029 2289 Deo
1053 2258 1241 2299 placabilia.

828 2312 887 2346 3b.
910 2314 1020 2347 Judex
1045 2314 1158 2347 fremit
1181 2318 1311 2358 impius,

912 2360 1058 2403 spumat,
1085 2364 1191 2396 saevit
1216 2366 1335 2408 acrius,

959 2409 1091 2452 Martyr
1115 2410 1229 2447 suffert
1253 2415 1372 2450 omnia.
