1652 2678
139 195 198 229 ca.
226 194 283 228 Sic
303 196 381 230 thus
408 198 442 229 eti
465 206 579 231 aurum

224 245 457 287 myrrhamque
479 255 538 278 vos
564 245 686 279 offertis

227 296 260 325 et
285 292 403 327 offerre
428 294 562 334 docetis,

513 353 545 387 7.
572 352 662 392 Quae

679 98 947 135 —267—

845 197 903 231 ssb.
928 196 1142 231 sacerdotale

928 255 1061 287 regnum
1086 246 1122 278 in
1148 245 1297 278 castitate

928 294 1128 335 disponendo
1155 294 1321 326 ecclesiae.

688 354 817 385 sacrata
840 354 877 383 ut
902 352 1016 393 regina

573 401 747 441 conjuncta
774 399 902 432 Christo

567 449 635 489 jam
661 449 758 489 plene
781 448 874 480 vobis
901 448 1101 490 collaetetur,

573 506 633 538 per
645 506 702 529 vos
711 498 902 537 vestrosque
911 496 997 529 cives
1006 497 1149 537 juvetur.

220 571 309 600 Grad.
331 582 386 601 ms.
405 572 503 601 Palat.
525 573 747 602 Vindobonens.
772 569 807 600 13
817 569 884 600 314.
906 580 984 600 saec.
1007 571 1052 600 11.
1074 570 1141 601 add.
1163 580 1239 600 saec.
1263 570 1308 600 12.

579 713 646 746 353.

142 795 202 830 la.
228 795 349 827 Trinae
373 795 442 836 regi
466 794 671 828 hierarchiae

225 842 362 876 Cautum
394 843 499 877 dulcis
523 843 686 876 melodiae

269 891 395 925 Nostra
417 891 473 924 det
497 892 635 936 devotio,

142 950 202 983 aa.
230 949 319 982 Aula
349 949 593 990 dominantium,

226 998 340 1030 Virtus
364 997 572 1038 mirabilium,

226 1046 285 1080 Vis
311 1045 443 1087 fugatur
467 1045 607 1078 hostium

273 1094 335 1127 Est
360 1094 615 1135 hyperphaniae.

140 1154 160 1186 3
168 1161 197 1186 a.

274 1248 443 1282 Gloriosus
467 1247 613 1280 Michael
624 1259 631 1288 ;

139 1308 197 1341 4a.

223 1355 443 1388 Deductivum
468 1354 650 1386 animarum

271 1404 337 1437 Per
363 1403 485 1436 deserti
509 1403 616 1442 invia;

139 1463 194 1495 5a.
222 1461 463 1494 Antichristum
489 1462 644 1504 conteret,

222 1511 358 1545 Crucem
386 1509 508 1544 Christi
535 1508 684 1549 proferet

269 1559 332 1591 Die
357 1557 552 1591 visitationis
565 1568 572 1598 ;

215 1635 301 1663 Miss.
321 1644 377 1663 ms.
397 1635 557 1671 Augustin.
579 1635 651 1662 anni

501 1765 571 1798 354.
613 1766 649 1798 In

140 1849 197 1882 la.
223 1847 459 1881 Laetabundus

222 1896 377 1930 Exsultet
400 1895 509 1929 fidelis
537 1895 665 1935 chorus,

277 1945 434 1986 Alleluja,

141 2005 198 2040 2a.
218 2004 375 2046 Michael,
403 2003 474 2045 quis
499 2005 536 2035 ut
560 2002 660 2046 Deus,

223 2052 359 2086 Lucifer
383 2051 508 2094 primus
533 2060 608 2084 reus

276 2102 402 2135 Gerunt
426 2100 525 2142 bella,

139 2162 198 2195 3a.
226 2160 317 2193 Sicut
343 2160 442 2193 draco
469 2158 609 2191 dissonis

226 2208 441 2250 Compunitur
467 2207 591 2248 angelis

273 2257 352 2291 Pari
377 2256 491 2295 forma,

139 2318 197 2352 4a.
224 2317 310 2350 Boni
333 2316 428 2350 nobis
454 2314 562 2356 angeli

222 2365 423 2399 Defensores
449 2367 526 2397 sunt
549 2364 641 2396 missi

273 2415 370 2450 Valle
394 2416 518 2455 nostra,

226 1151 282 1185 Sic
306 1154 357 1184 ter
382 1151 463 1185 ordo
489 1151 686 1192 triplicatur,

224 1201 264 1234 In
288 1209 350 1241 quo
378 1200 475 1241 digne
499 1200 705 1240 principatur

226 1307 292 1341 Hic
317 1308 367 1338 est
392 1306 473 1339 coeli
499 1306 608 1338 lumen
635 1306 766 1351 clarum,

687 715 732 746 De
755 721 812 746 san
818 713 866 745 cto
887 712 1053 746 Michaele.

846 794 906 828 lb.
928 794 1017 827 Mira
1045 795 1115 827 laus
1143 794 1336 835 epiphaniae

929 842 1079 875 Summae
1100 845 1196 875 vocat
1220 843 1409 875 harmoniae

977 891 1144 924 Flammas
1167 890 1218 922 ire
1242 891 1335 923 solio.

845 948 904 982 2b.
928 948 1037 981 Decus
1062 948 1315 990 principatuum,

926 997 1040 1030 Robur
1066 996 1275 1039 exercituum,

927 1045 1078 1078 Solamen
1103 1044 1277 1084 spirituum

974 1093 1037 1126 Est
1060 1092 1298 1134 hypophaniae.

843 1151 902 1185 3b.
926 1151 991 1183 Per
1011 1151 1098 1183 hunc
1124 1150 1224 1183 draco
1250 1153 1433 1191 superatur,

926 1199 999 1231 Hoc
1022 1208 1083 1239 per
1108 1198 1226 1231 nubem
1250 1199 1409 1231 liberatur

978 1247 1146 1287 Quondam
1171 1247 1276 1278 dictus
1302 1248 1415 1280 Israel.

924 1305 1045 1338 Hostes
1069 1303 1173 1337 laedit
1199 1306 1231 1336 et
1254 1304 1416 1348 obscurat,

925 1353 994 1385 Nos
1020 1352 1190 1393 praecedit
1216 1354 1249 1384 et
1274 1353 1413 1393 depurat

974 1401 1070 1434 Vitae
1094 1400 1241 1442 pandens
1267 1401 1359 1434 ostia.

926 1459 1056 1492 Meritis
1082 1468 1140 1492 nos
1166 1462 1308 1500 aggeret‚

925 1508 972 1541 Ut
997 1510 1075 1540 tunc
1100 1507 1193 1540 nobis
1219 1511 1345 1540 reseret

975 1557 1108 1590 Portam
1133 1564 1277 1588 summae
1293 1557 1480 1590 mansionis.

842 1304 901 1338 41).

842 1459 901 1494 5b.

675 1631 758 1663 1331.
780 1632 850 1662 Cod.
871 1633 1013 1662 Tolosan.
1035 1631 1082 1662 93.

670 1764 880 1808 Apparitione
903 1773 928 1796 s.
949 1764 1125 1797 Michaelis.

843 1846 903 1879 ib.
926 1845 1011 1878 Nam
1036 1844 1158 1878 factum
1185 1847 1235 1877 est

926 1894 1090 1927 Proelium
1115 1893 1150 1926 in
1177 1894 1274 1926 coelis
1300 1903 1462 1936 magnum,

976 1943 1043 1975 Res
1068 1942 1227 1975 miranda.

845 2000 906 2034 2b.
933 2000 1050 2034 Casum
1075 2000 1162 2042 rapit
1187 1999 1315 2043 lucifer,

927 2049 1043 2091 Regna
1066 2051 1155 2082 tenet
1180 2048 1317 2090 signifer

977 2097 1113 2139 Semper
1139 2098 1238 2131 clara.

845 2155 906 2192 3b.
930 2156 1075 2189 Michael
1104 2156 1153 2189 sic
1179 2165 1249 2188 cum
1276 2157 1369 2190 bonis

928 2204 1066 2238 Fruitur
1092 2205 1219 2238 deliciis

980 2254 1078 2287 Certa
1102 2262 1226 2288 norma.

844 2312 910 2346 4b.
933 2312 986 2345 Ne
1011 2311 1130 2346 fraude
1156 2312 1280 2345 diaboli

929 2361 998 2394 Nos
1026 2370 1170 2394 erremus
1197 2361 1284 2394 devii

979 2411 1084 2445 Carne
1106 2413 1268 2453 prompta.
