1652 2678
726 105 967 142 —59—

550 204 582 238 7.
612 205 699 237 Istas
724 205 837 246 partes
862 212 904 237 ne
928 203 1052 245 subeat,

613 252 711 285 Plebs
738 251 856 293 dogma
880 260 1008 285 sacrum
1032 254 1142 285 teneat

608 300 654 333 Et
678 302 827 341 protecta
853 300 1055 341 congaudeat:

658 348 791 382 Pulsam
816 348 858 381 ab
882 349 956 381 istis
980 347 1144 389 partibus;

658 397 765 429 Amen
792 396 887 430 detur
912 406 932 429 a
955 397 1116 437 plebibus,

251 469 337 499 Miss.
370 479 425 499 ms.
452 471 649 500 Bisuntinum
681 481 759 501 saec.
792 470 837 500 15.
867 472 937 501 Cod.
965 473 1114 501 Bisuntin.
1144 471 1191 500 77.
1218 472 1258 500 A.
1289 486 1322 491 —
1350 473 1435 501 Miss-
1468 481 1523 501 ms.

174 509 206 538 S.
222 508 351 537 Acheoli
369 517 447 538 saec.
464 508 509 538 15.
526 510 596 539 Cod.
612 510 808 540 Ambianens.
835 510 899 540 160.
919 527 958 532 —
980 511 1140 548 „Sequitur
1161 513 1254 540 missa
1273 513 1379 539 contra
1398 513 1522 548 pestem,

175 555 264 585 quam
293 548 431 577 dominus
459 557 539 586 papa
562 548 701 578 Clemens
721 549 766 577 VI
793 549 865 578 fecit
894 551 925 577 et
950 550 1109 579 ordinavit.
1131 549 1167 578 A.
1188 565 1227 569 —
1246 548 1299 585 4a,
1324 547 1339 578 1
1360 551 1418 579 Fer
1438 551 1525 578 vivat

173 588 209 615 A.
230 602 270 606 —-
291 584 346 622 5b,
367 586 388 616 4
407 595 452 624 sq.
474 590 594 615 sanctos
618 588 754 625 singulos
778 588 1022 625 confessoresque
1042 589 1205 617 Dominum
1225 588 1345 626 placate
1363 589 1400 617 A.

548 708 595 740 72.
638 709 684 741 Ad
705 709 928 751 postulandam
949 711 1166 742 serenitatem.

175 787 233 820 la.
262 784 392 819 Summe
416 785 506 818 Deus
533 785 688 827 omnium,
885 785 945 820 lb.
970 785 1064 819 Salus
1091 795 1124 819 cs
1149 787 1318 820 humilium

257 834 350 875 Arvi‚
377 834 455 876 poli,
482 833 632 875 marium,
969 835 1024 867 Ad
1048 838 1082 867 te
1106 836 1348 878 suspirantium,

308 883 443 916 Plebem
468 885 558 916 tuam
583 882 733 924 respice3
1018 882 1086 916 Nos
1118 883 1293 916 clementer
1317 883 1425 917 refice.

177 943 238 975 2a.
267 941 387 975 Stellas
414 941 496 974 coeli
520 949 685 982 numeras,
884 939 945 974 2b.
966 941 1139 973 Elementa
1163 944 1336 983 temperas,

264 989 387 1022 Orbem
409 991 521 1022 terrae
542 989 710 1030 ponderas
970 989 1069 1030 Mari,
1096 990 1203 1022 ventis
1227 991 1370 1030 imperas

309 1038 381 1070 Tua
406 1037 591 1078 sapientia3
1017 1037 1159 1077 Propria
1183 1038 1339 1078 potentia.

179 1098 237 1130 3a.
265 1093 375 1128 Infers
397 1098 507 1127 terrae
531 1094 678 1136 pluviam
885 1094 947 1129 3b.
969 1095 1035 1128 Per
1059 1098 1148 1127 tuam
1173 1095 1355 1135 potentiam

264 1143 340 1176 Tibi
368 1143 587 1177 voluntariam
968 1141 1074 1175 Aufer
1098 1151 1185 1175 nunc
1209 1142 1365 1184 inopiam,

313 1191 409 1225 Orbis
435 1194 549 1223 tenens
577 1190 746 1230 cardines3
1016 1191 1106 1231 Rege
1133 1193 1265 1223 cunctos
1288 1191 1430 1225 ordines.

177 1251 236 1283 4a.
265 1248 350 1281 Solis
379 1248 494 1290 prodis
518 1247 642 1289 radios,
884 1247 945 1283 4b.
969 1249 1074 1281 Pasce
1098 1249 1171 1280 tuos
1195 1247 1291 1290 filios,

260 1297 371 1340 Auges
396 1294 523 1329 fructus
547 1296 701 1339 proprios
967 1297 1038 1329 Fae
1064 1304 1117 1329 eos
1145 1296 1290 1337 egregios

308 1346 362 1378 Ex
385 1352 576 1387 quocunque
602 1345 743 1386 semine3
1012 1344 1157 1386 Mystico
1182 1345 1370 1385 spiramine.

176 1405 235 1438 5a.
263 1403 386 1436 Nostra
411 1402 502 1436 solve
525 1402 660 1443 scelera,
883 1402 942 1437 5b.
964 1403 1102 1435 Praesta
1126 1402 1218 1442 pacis
1244 1400 1380 1436 foedera

259 1453 351 1485 Fove
375 1451 493 1484 mentis
519 1452 656 1493 viscera,
965 1450 1012 1483 Et
1033 1451 1068 1483 in
1092 1450 1180 1484 vitae
1203 1459 1342 1491 vespera

310 1500 511 1540 Redemptor
537 1499 701 1540 fidelium,
1013 1499 1082 1532 Des
1106 1498 1202 1532 nobis
1226 1500 1417 1534 remedium.

254 1578 339 1607 Miss.
367 1586 422 1606 mS.
444 1577 474 1606 S.
495 1577 580 1606 Petri
601 1577 750 1606 Insulens.
773 1584 849 1604 saec.
874 1575 919 1605 15.
942 1575 1011 1605 Cod.
1032 1576 1181 1605 Insulens.
1203 1574 1250 1605 25.
1271 1592 1311 1597 —-
1331 1577 1403 1606 Mel.
1423 1576 1528 1612 jeden-

174 1617 260 1646 falls:
283 1617 362 1646 Veni
384 1619 487 1646 sancte
509 1615 643 1654 spiritus.

591 1729 640 1761 73.
680 1729 725 1761 De
745 1727 895 1770 captione
915 1728 1106 1760 Jerusalem.

179 1809 236 1841 la.
264 1806 442 1839 Exsultent
465 1806 595 1847 agmina
885 1804 945 1839 1b.
970 1804 1069 1845 CuJus
1095 1806 1171 1836 sunt
1193 1812 1294 1845 opera

262 1853 410 1888 fidelium
436 1856 553 1887 cuncta
970 1861 1100 1894 semper
1123 1851 1296 1894 magnifica

262 1903 378 1936 laudes
403 1902 474 1935 Deo
502 1903 663 1944 canentia,
969 1910 1031 1942 per
1055 1901 1166 1941 ampla
1189 1900 1303 1934 mundi
1327 1902 1445 1946 spatia.

178 1965 237 1997 2a.
266 1962 355 1995 Voce
380 1961 478 2004 celsa,
886 1959 946 1993 21).
972 1958 1052 1992 Cum
1078 1957 1193 1991 civitas

263 2013 374 2043 mente
396 2010 493 2043 simul
518 2007 700 2052 defaecata,
973 2007 1155 2041 Jerusalem
1181 2007 1322 2049 gloriosa

262 2059 443 2092 recolamus
469 2059 598 2100 gaudia,
972 2055 1086 2089 effecta
1112 2058 1162 2088 est
1186 2056 1300 2096 libera,

266 2116 349 2148 quae
373 2107 467 2140 nobis
493 2108 570 2140 anni
597 2107 706 2142 orbita
968 2114 1050 2146 quae
1076 2104 1265 2138 Sarracenis
1293 2102 1403 2137 fuerat

262 2156 393 2189 reducit
419 2155 642 2189 celeberrima.
969 2154 1095 2187 tamdiu
1119 2152 1305 2187 tributaria.

178 2217 236 2250 3a.
263 2214 351 2247 Hinc
375 2213 580 2249 Francorum
886 2212 946 2248 3b.
969 2212 1126 2245 Laetetur
1152 2219 1228 2252 ergo

312 2271 493 2306 pangamus
519 2264 612 2304 gesta
637 2261 747 2304 fortia,
1020 2259 1215 2295 Christianis
1241 2259 1383 2302 reddita,

263 2321 400 2354 quorum
425 2311 592 2352 probitate
971 2309 1088 2351 quibus
1115 2308 1307 2350 congaudet,

311 2361 361 2394 sic
386 2362 437 2394 est
459 2360 602 2396 liberata
1021 2356 1169 2391 residens
1195 2358 1274 2391 sede
1299 2367 1358 2391 sua

263 2410 322 2444 sub
348 2409 482 2444 Domini
506 2409 664 2450 potentia.
969 2408 1038 2448 jam
1062 2407 1204 2447 imperat
1229 2409 1266 2440 ut
1291 2407 1432 2442 domina.
