1652 2678
654 77 895 113 „29—

113 177 197 210 1221.
224 175 272 208 Te
297 178 434 209 sanante
459 177 519 209 sim
545 178 688 217 sanatus,
811 174 897 210 12b.
919 175 979 214 Tu,
1007 175 1078 216 quis
1105 174 1206 206 donas
1229 181 1300 205 esse
1319 172 1449 213 donum⁷

217 224 267 258 Te
290 226 439 258 salvante
463 225 525 258 sim
550 225 695 258 salvatus
918 223 1013 256 Dona
1034 221 1130 255 nobis
1153 220 1252 254 finem
1277 221 1397 254 bonum

266 273 362 306 Dono
389 274 494 306 sancti
520 273 665 314 spiritus
966 271 1012 305 Et
1036 269 1166 303 felicem
1191 270 1325 304 exitum.

109 332 193 366 1312.
222 331 302 366 Jesu
328 330 444 372 dulcis,
472 333 541 363 esto
565 339 702 369 mecum,
811 329 896 364 lab.
920 329 960 362 In
983 329 1046 362 hoc
1070 328 1176 361 tristis
1200 329 1288 361 vitae
1313 328 1382 360 salo

219 380 327 419 Sume,
355 387 482 419 precor,
507 381 584 413 vota
605 387 750 420 precum,
920 377 988 411 Nos
1016 376 1157 411 defende
1180 377 1274 409 hoste
1302 376 1399 416 malo,

265 427 371 460 Natus
397 428 485 461 alma
508 427 652 469 virgine3
970 425 1064 459 Salus
1089 428 1210 465 nostra,
1237 424 1385 458 Domine.

184 504 270 532 Miss.
293 503 539 533 Praedicator-um
557 505 629 540 imp.
649 503 785 532 Venetiis
806 500 891 531 1523.

540 607 587 638 28.
629 606 664 639 In
685 605 933 638 Resurrectione
954 605 1011 637 DN.

577 678 608 712 1.
637 676 798 718 Surgente
822 677 952 710 Christo

637 726 678 758 de
702 726 875 766 sepulchro

107 788 166 820 2a.
192 784 340 827 Hymnos
366 786 463 825 atque
808 783 868 818 2b.
896 784 1127 817 Praecinentes

189 833 303 866 laudes
332 834 443 866 demus
470 834 500 864 ct
891 832 1116 865 annuntiemus

190 881 358 921 paschalia
891 881 1063 921 magnalia.

105 942 162 974 3a.
190 939 331 973 Munera
354 939 470 980 populi
808 938 867 973 3b.
894 938 1022 971 Coelica
1047 938 1209 970 dicentes:

191 988 391 1020 exsultantes
416 986 524 1019 tollite
548 987 582 1019 in
892 987 968 1027 quia
992 986 1142 1028 regnavit
1163 995 1182 1018 a
1207 985 1294 1026 ligno

189 1036 274 1068 atria
890 1034 1022 1067 veritas.

104 1096 164 1128 4a.
191 1094 281 1134 Quae
307 1091 470 1134 confregit
497 1093 640 1125 claustra
806 1091 866 1125 41³.
888 1093 1091 1132 Protoplasti
1115 1092 1220 1132 patris

188 1142 278 1175 saevi
302 1141 435 1181 tyranni
460 1141 662 1182 gehennalia,
893 1141 1047 1173 divinitus
1072 1141 1236 1180 perimens
1262 1139 1401 1172 vincula.

105 1202 162 1234 5a.
191 1199 292 1240 Quem
319 1198 443 1231 creavit
807 1197 865 1232 51).
891 1197 996 1240 Solus,
1024 1197 1162 1240 Christe,

187 1248 302 1282 mundi
331 1247 475 1280 condens
498 1245 658 1288 figuram-2
890 1248 964 1279 tuos
990 1245 1177 1278 exhilarans
1203 1254 1243 1277 en

188 1297 282 1337 hujus
309 1295 409 1335 stirps
434 1298 473 1326 ut
496 1294 590 1334 vidit,
890 1294 1063 1335 requisitos
1089 1302 1201 1326 servos

188 1344 274 1387 quod
301 1343 420 1377 venisti
444 1343 534 1375 Deus
889 1342 1086 1383 redemptos,
1113 1345 1226 1375 vetera

188 1401 227 1426 ac
252 1391 406 1433 frangens
432 1393 558 1424 tartara
891 1391 1027 1424 crimina
1054 1391 1191 1431 diluens,

187 1440 393 1483 praepotenti
421 1439 572 1473 dextera:
892 1440 954 1472 duc
979 1439 1023 1473 ad
1047 1448 1133 1472 nova
1157 1437 1287 1481 gaudia.

103 1501 158 1534 6a.
186 1500 247 1539 Qui
274 1502 387 1531 tenens
806 1498 864 1532 6b.
889 1497 1068 1530 Laetentur

183 1549 345 1589 Justorum
372 1545 507 1579 foedera
889 1546 999 1579 sidera
1023 1545 1142 1586 lucida,

189 1595 268 1630 dare
291 1595 452 1637 fulgentia
888 1598 998 1628 terrae
1023 1595 1186 1627 exsultent
1211 1596 1244 1626 et

186 1653 330 1678 consona
889 1643 1004 1685 maria,

186 1702 266 1727 voce
292 1692 389 1725 simul
413 1692 614 1725 intonantia:
891 1692 979 1733 quod
1003 1700 1116 1724 verum
1139 1692 1301 1723 sumentes
1327 1697 1440 1729 azyma

102 1753 161 1785 7a.
188 1750 371 1791 Epulemur
806 1749 866 1783 7b.
891 1748 946 1782 Sic
969 1750 1128 1785 vivamus,

185 1798 339 1841 passione
365 1797 498 1841 Christi,
889 1797 979 1837 socii,
1006 1797 1167 1838 possimus

184 1848 390 1889 Respuentes
888 1845 936 1879 Ut
964 1846 1117 1879 virtutem

185 1899 298 1930 vetera
324 1894 487 1937 fermenti,
892 1902 1009 1935 capere
1035 1893 1178 1927 divinam

185 1944 331 1980 coetibus
890 1952 929 1976 ac
953 1942 1064 1976 Jesum

182 1995 261 2028 nexi
287 1994 489 2035 surgentium
892 2000 1026 2025 cernere
1049 1990 1226 2032 fulgentem

184 2046 371 2078 sanctorum
395 2043 539 2085 testium,
890 2041 1026 2083 proprio
1053 2039 1182 2081 decore,

182 2100 317 2133 surgere
890 2090 944 2132 qui
970 2089 1056 2131 regit

182 2145 297 2175 nostra
322 2149 450 2182 quoque
476 2148 623 2181 corpora.
889 2138 1038 2180 angelica
1062 2137 1201 2179 agmina.

97 2202 157 2236 32.
185 2199 340 2233 Exsultet
367 2207 444 2239 ergo
805 2198 866 2232 81).
892 2196 1056 2230 Venturus
1081 2196 1160 2229 item

183 2247 294 2282 fidelis
320 2248 419 2281 turba
445 2247 607 2280 clamans:
886 2246 1035 2287 judicare
1061 2245 1150 2278 orbis
1177 2248 1302 2288 cuncta,

182 2297 346 2337 Salvator,
887 2297 1094 2336 praesentem

182 2347 269 2389 quod
293 2346 327 2379 in
354 2354 413 2379 nos
438 2344 622 2387 plasmasti,
649 2346 684 2376 tu
890 2344 981 2377 salva
1006 2347 1061 2376 tuo
1087 2351 1204 2376 cruore

182 2395 347 2430 confirma.
890 2396 1064 2429 catervam,
