1652 2678
711 121 978 156 —283—

197 216 255 249 7a.
283 215 455 250 Distentus
479 218 514 250 in
540 219 675 259 equuleo

283 265 449 298 Flammas
477 266 565 299 diras
591 266 656 299 fert
681 268 714 300 in
742 276 778 301 eo

331 313 535 355 Lampadum
563 316 758 357 ardentium,

198 372 255 405 8a.
283 371 364 412 Ejus
391 372 474 404 collo

330 420 418 452 mola
442 421 663 462 suspenditur,

281 466 372 500 Mole
398 469 488 509 cujus

330 516 423 557 aquis
449 526 512 549 non
537 518 704 559 mergitur,

284 563 365 597 Cum
390 565 423 596 in
450 565 551 597 altum

332 621 421 645 mare
444 613 626 654 projicitur,

282 659 346 692 Sed
373 661 416 693 ad
442 661 519 693 litus

333 717 445 749 sospes
471 709 656 750 regreditur

380 756 519 789 Domino
545 758 670 798 comite,

199 814 259 847 9a.
289 814 394 854 Super
420 818 524 847 rotam
551 815 706 856 elevatur,

285 861 364 894 Cum
391 871 454 903 qua
473 862 513 894 de
530 866 640 895 monte
657 864 815 908 pulsatur,

285 910 395 943 Ruens
420 911 553 943 illaesus
579 914 739 955 servatur,

322 958 486 991 Sternitur
511 968 590 1000 gens
615 961 723 995 noxia.

174 1017 258 1051 lOa.
286 1016 353 1050 Sub
379 1017 468 1051 oliva

336 1065 419 1097 collo
445 1065 636 1109 percutitur,

282 1113 381 1146 Ensis
407 1113 507 1146 hebes

335 1164 372 1194 ut
397 1170 472 1194 cera
497 1162 659 1204 redditur,

284 1210 431 1243 Tandem
458 1210 563 1242 sancti

334 1261 430 1298 caput
456 1258 671 1299 abscinditur,

282 1307 348 1340 Pro
375 1315 490 1339 cruore

333 1355 386 1387 lac
410 1355 489 1387 inde
516 1355 660 1387 cernitur

384 1403 557 1435 Emanare.

250 1466 335 1493 Miss.
350 1466 498 1493 Trecense
518 1466 589 1502 imp.
603 1465 706 1493 Trecis
730 1463 813 1494 1533.
828 1480 868 1484 —
882 1463 936 1502 51),
960 1463 975 1493 1
997 1465 1035 1493 ad
1055 1465 1138 1494 fehlt.
1159 1481 1195 1485 —
1210 1464 1265 1501 512,
1287 1463 1305 1494 ἔ1
1326 1467 1360 1493 ut
1379 1464 1462 1493 fehlt.

901 219 960 253 7b.
982 219 1027 252 Et
1053 220 1087 252 in
1113 220 1230 252 ardore
1254 220 1406 260 plumbeo

984 267 1165 301 Comitante
1190 268 1252 301 sibi
1277 268 1348 301 Deo

1031 316 1137 349 Datur
1163 315 1379 358 refrigerium.

900 374 959 409 8b.
981 375 1055 408 Hoc
1080 377 1195 407 eventu

1028 423 1130 463 ,iudex
1156 424 1320 462 irascitur,

986 470 1083 511 GuJus
1105 472 1199 511 jussu

1031 519 1082 551 vir
1107 522 1236 552 sanctus
1261 519 1401 551 trahitur

983 567 1071 600 Esca
1095 566 1185 610 feris,

1031 616 1089 648 sed
1115 625 1276 656 nunquam
1300 615 1441 649 laeditur

986 664 1108 696 Pedem
1135 664 1213 704 ejus,

1034 712 1088 752 qui
1114 712 1229 744 vinclis
1256 712 1436 753 stringitur,

1083 759 1226 801 Lingunt
1248 763 1286 793 ut
1312 760 1461 793 domitae.

903 817 962 850 9b.
985 817 1110 850 Ferrae
1134 820 1239 850 motus
1265 822 1435 858 reputatur

985 865 1057 898 Diis
1082 866 1186 906 iratis,
1212 866 1271 898 sed
1296 869 1495 899 monstratur

983 913 1045 946 His
1060 912 1243 954 confractis,
1260 914 1344 954 quod
1358 914 1517 947 reddatur

1034 961 1099 994 Uni
1125 961 1195 994 Deo
1222 962 1335 1003 gloria.

878 1019 962 1053 10b.
985 1019 1077 1051 Tunc
1102 1022 1237 1059 repente

1034 1065 1158 1099 fructus
1185 1067 1343 1099 emittitur

987 1115 1040 1147 Ab
1067 1116 1162 1156 oliva,

1036 1164 1124 1196 coelo
1150 1164 1326 1204 suscipitur

986 1211 1029 1252 Is,
1056 1220 1116 1251 pro
1144 1211 1272 1245 Christo

1033 1260 1088 1300 qui
1113 1263 1249 1292 mortem
1275 1260 1418 1300 patitur;

986 1307 1036 1339 Tu
1061 1316 1129 1350 nos,
1159 1307 1297 1350 Christe,

1034 1364 1132 1396 regno
1159 1365 1220 1396 quo
1245 1356 1378 1396 potitur,

1082 1403 1152 1436 Fac
1177 1412 1324 1445 regnare.

176 1502 228 1539 Ga,
254 1502 268 1532 1
291 1504 342 1532 Sic
362 1504 545 1540 paralyticus
576 1519 613 1523 —
636 1503 686 1538 7a,
709 1502 727 1533 3
748 1504 829 1532 diras
849 1504 932 1532 fehlt.
954 1519 991 1523 —
1012 1501 1064 1538 8b,
1087 1503 1104 1532 7
1126 1504 1229 1533 Pedes.
1253 1520 1290 1524 —-
1340 1504 1367 1537 b,
1389 1501 1408 1532 8
1429 1504 1517 1531 strin-

176 1546 296 1581 guntur.
317 1558 355 1562 —
377 1541 431 1577 91),
453 1540 471 1571 3
494 1543 637 1570 redditur.

627 1627 693 1659 375.
733 1627 778 1659 De
799 1628 908 1659 sancto
929 1627 1075 1659 Paterno.

179 1690 234 1723 la.
265 1688 500 1723 Laetabundus

262 1737 418 1770 Exsultet
442 1738 583 1770 Paterno
610 1737 758 1778 mundus,

312 1785 468 1826 AlleluJ'a,

178 1841 236 1874 2a.
262 1838 316 1872 Ex
342 1838 513 1871 Britonum
539 1847 657 1879 genere

262 1887 368 1920 Micat
393 1887 475 1919 miro
501 1887 623 1919 lumine

313 1935 369 1969 Sol
397 1936 438 1968 de
464 1936 570 1977 stella,

177 1992 235 2026 3a.
264 1989 356 2023 Sicut
381 1993 476 2031 pater
499 1990 637 2027 vixerat,

262 2039 382 2072 Vivere
409 2038 576 2071 desiderat

310 2088 386 2121 Pari
413 2086 528 2128 forma,

174 2144 231 2175 4a.
261 2140 356 2174 Nova
383 2139 511 2174 confert
534 2149 679 2181 munera,

260 2189 349 2222 Mira
374 2188 454 2222 facit
480 2198 580 2230 opera

310 2239 404 2271 Valle
429 2242 553 2280 nostra,

173 2295 232 2327 5a.
260 2292 469 2335 Mologonum
493 2291 648 2325 verberat

259 2341 361 2383 Ultio,
389 2350 485 2382 quam
510 2341 640 2382 tolerat,

256 2390 396 2424 Lumina
422 2394 596 2432 recuperat

306 2440 402 2474 Prius
430 2449 538 2474 caeca.

882 1688 940 1724 11),
966 1688 1028 1728 Qui
1054 1693 1242 1721 cunctarum

963 1737 1126 1777 Loquelas
1150 1737 1243 1770 novit
1266 1738 1460 1779 linguarum,

1012 1785 1078 1817 Res
1103 1786 1261 1818 miranda.

882 1837 942 1871 2b.
964 1838 1005 1871 Id
1032 1842 1119 1879 quod
1144 1838 1243 1871 verbo
1269 1838 1450 1880 praedicat,

968 1886 1043 1919 Vita
1066 1887 1158 1927 prius
1183 1887 1307 1920 indicat

1015 1934 1151 1976 Semper
1176 1936 1276 1971 clara.

882 1987 943 2023 3b.
965 1987 1036 2021 Nec
1060 1989 1172 2021 mundi
1200 1989 1347 2031 contagio

967 2036 1033 2070 Sua
1058 2038 1260 2070 conversatio

1014 2085 1072 2118 Fit
1097 2090 1260 2127 corrupta.

880 2139 941 2174 4b.
965 2139 1089 2180 Regum
1117 2142 1245 2172 cessant
1269 2140 1406 2184 proelia,

964 2188 1114 2221 Redeunt
1140 2189 1182 2221 ad
1208 2189 1346 2230 propria

1013 2238 1099 2270 Pace
1124 2242 1263 2278 sumpta.

880 2290 938 2325 51).
962 2291 1134 2332 Tyrannus
1160 2291 1314 2323 Arturius

962 2339 1009 2373 Et
1033 2340 1209 2372 monachus
1235 2340 1354 2381 impius

963 2388 1184 2422 Declararunt
1208 2389 1337 2430 plenius

1013 2439 1104 2472 Haec
1126 2438 1307 2480 praedicta.
