1652 2678
724 130 990 167 —311-

187 224 246 260 2a.
273 225 416 265 Quorum
437 227 578 268 primum
604 229 747 262 omnium
890 229 949 265 ab.
971 230 1171 263 Veneremur
1193 230 1316 271 jugiter

273 274 439 308 Christum
463 276 660 310 imitantium
973 279 1012 311 In
1038 287 1097 310 sua
1122 278 1309 311 solemniter

320 323 361 356 In
386 333 489 366 agone
1021 326 1186 360 Passione.

189 382 246 416 33.
274 380 360 414 Nam
386 382 456 423 ejus
480 384 673 426 martyrium
890 383 951 418 ab.
973 381 1112 425 Quando
1137 384 1246 417 hostes
1271 383 1420 424 strepitu,

275 428 439 463 Gredeonis
465 432 625 472 proelium
975 431 1050 465 Non
1075 441 1238 466 armoium
1262 432 1386 472 impetu

322 477 512 520 Figurabat‚
1020 479 1203 521 Effugabat.

188 537 247 569 4a.
275 535 330 568 Sic
355 537 513 570 adversus
538 539 694 579 populum
889 538 950 573 4b.
974 538 1048 570 Non
1073 539 1172 571 armis
1198 538 1256 571 sed
1283 537 1444 578 precibus,

275 583 461 626 Stephanus
486 586 690 619 incredulum
973 585 1052 619 Cum
1077 595 1137 626 pro
1161 586 1383 627 lapidantibus

322 633 511 675 Dimicavit‚
1023 634 1238 675 Supplicavit.

189 691 249 724 5a.
275 691 370 724 Fixis
396 694 504 725 terrae
530 692 665 733 genibus
890 692 950 727 5b.
973 694 1083 733 Atque
1108 696 1222 726 contra
1246 692 1386 724 hostium

274 739 365 772 Vidit
391 740 426 772 in
452 740 647 773 coelestibus
972 741 1091 773 Manus
1117 740 1365 782 repugnantium

272 788 312 821 In
338 788 488 828 supernis
515 788 647 821 sedibus
972 789 1128 821 Divinum
1154 789 1322 822 consilium

322 835 435 869 Jesum
460 838 611 878 stantem,
1017 837 1244 870 Dimicantem.

188 894 246 927 6a.
275 893 418 927 Obrutus
443 894 610 935 lapidibus
891 894 951 930 6b.
974 895 1073 928 Unde
1097 895 1201 935 major
1224 894 1330 935 gratia

272 942 401 975 Primus
428 951 500 975 cum
526 942 697 983 spiritibus
974 942 1078 975 Nobis
1104 946 1137 975 et
1161 942 1300 976 victoria

272 990 324 1022 Ac
349 993 535 1023 sanctorum
562 991 706 1023 coetibus
973 991 1013 1023 In
1039 991 1107 1031 ejus
1134 991 1291 1024 solemnia

321 1038 532 1081 Sublimatur,
1025 1038 1284 1072 Commendatur.

187 1097 244 1130 ⁰7a.
272 1095 324 1128 Ita
349 1099 425 1136 post
448 1096 575 1137 proelia
892 1098 910 1131 7
918 1096 952 1131 b.
977 1096 1032 1129 Sic
1057 1105 1129 1129 cum
1152 1096 1277 1129 laetitia

271 1144 371 1176 Miles
396 1144 562 1185 stipendia

322 1192 521 1226 Consecutus
547 1196 596 1225 est

370 1241 534 1274 coelestia.

973 1145 1134 1185 Acceptet
1158 1145 1265 1177 omnia.

1026 1192 1242 1226 Servientium

1070 1241 1213 1275 servitia.

262 1307 348 1335 Miss.
367 1307 553 1335 Tolosanum
577 1308 648 1344 imp.
672 1316 694 1335 s.
721 1307 742 1335 1.
765 1305 848 1335 1490.
869 1307 904 1335 A.
925 1323 961 1327 —-
983 1307 1068 1335 Miss.
1091 1307 1275 1336 Tolosanum
1294 1308 1365 1344 imp.
1386 1307 1528 1343 Lugduni

186 1342 270 1374 1524.
298 1346 332 1374 Β.
354 1360 391 1365 —
414 1347 500 1374 Brev.
521 1345 706 1374 Tolosanum
733 1346 804 1380 imp.
825 1346 952 1374 Parisiis
983 1343 1067 1374 1553.
1089 1346 1121 1374 C.
1143 1362 1181 1366 —-
1201 1346 1285 1374 Mel.:
1313 1345 1527 1374 Laetabundus

182 1387 271 1413 unter
290 1385 529 1421 Wiederholung
548 1394 610 1413 von
630 1384 742 1413 Choral
762 1383 789 1412 5.

564 1497 630 1530 414.
671 1497 706 1529 In
726 1495 916 1529 Inventione
937 1505 962 1528 5.
984 1496 1148 1538 Stephani.

187 1570 246 1604 la.
272 1570 400 1603 Psallat
425 1570 556 1604 Christo
583 1570 699 1602 chorus
724 1569 789 1602 iste
888 1567 950 1602 lb.
976 1567 1177 1602 Collaetetur
1200 1569 1234 1602 in
1261 1569 1408 1611 tropicis,

268 1619 308 1651 In
333 1618 486 1651 honorem
514 1619 681 1659 agonistae

319 1665 522 1699 Sanctissimi
547 1666 715 1707 Stephani,

971 1616 1010 1649 In
1036 1617 1170 1650 canticis
1196 1618 1351 1659 angelicis

1021 1665 1096 1698 Non
1118 1666 1223 1707 jubilo
1247 1666 1347 1699 inani.

182 1725 241 1758 2a.
269 1724 341 1757 Vox
367 1733 509 1756 consona
533 1733 615 1764 puro
643 1724 734 1757 cordi
887 1722 946 1759 2b.
969 1723 1023 1756 Ab
1049 1723 1111 1755 hac
1135 1724 1234 1757 laude
1258 1733 1322 1756 non
1349 1724 1393 1755 sit
1417 1723 1509 1755 exsul

269 1773 428 1807 Concinat
454 1774 552 1805 cantu
577 1772 730 1805 concordi
971 1771 1170 1805 Nicodemus
1194 1781 1256 1805 nec
1279 1772 1323 1804 sit
1347 1772 1462 1813 procul

316 1821 423 1854 Melos
449 1821 646 1862 propulsans
673 1820 808 1863 coelum,
1021 1819 1192 1862 Gamaliel,
1217 1820 1360 1854 Abibon.

183 1880 240 1914 3a.
267 1879 350 1913 Dies
376 1882 426 1912 est
449 1879 532 1912 haec
556 1879 713 1919 laetitiae,
887 1878 948 1914 3b.
970 1879 1057 1912 Pace
1081 1879 1220 1911 mundus
1246 1879 1308 1911 hac
1333 1878 1464 1920 fruitur,

267 1928 354 1962 Nam
377 1928 510 1961 illorum
536 1930 586 1960 est
610 1927 709 1960 hodie
968 1927 1087 1967 Aegris
1114 1928 1201 1960 salus
1230 1926 1427 1969 refunditur,

317 1978 511 2012 Sanctorum
535 1976 690 2016 inventio,
1017 1976 1140 2008 Luctus
1168 1976 1255 2009 cedit
1279 1976 1409 2018 gaudio.

180 2038 240 2071 4a.
268 2035 424 2069 Sacratae
448 2035 530 2077 legis
557 2037 694 2076 amator,
885 2033 947 2068 4b.
970 2033 1116 2067 Luciano
1144 2035 1344 2076 dormitanti,

268 2084 440 2127 Gamaliel,
466 2084 563 2118 Pauli
591 2084 706 2117 doctor
971 2082 1081 2115 Strato
1107 2092 1165 2116 suo
1192 2084 1380 2126 quiescenti,

314 2134 359 2167 Et
384 2133 551 2175 particeps
579 2141 729 2173 coronae,
1017 2132 1113 2165 Patet
1134 2133 1169 2165 in
1194 2132 1328 2166 visione.

180 2194 237 2228 5a.
267 2192 378 2233 Virga,
405 2201 505 2224 manu
531 2200 626 2232 quam
652 2190 795 2234 tenebat,
886 2189 944 2224 5b.
970 2189 1116 2230 Corpora
1138 2193 1176 2223 ut
1200 2193 1314 2223 sancta
1339 2193 1476 2232 quaerat

265 2241 331 2274 Ter
357 2239 478 2273 feriens
504 2240 591 2272 hunc
614 2239 769 2272 monebat
969 2239 1020 2271 Ac
1044 2239 1079 2270 111
1105 2237 1183 2272 Sion
1211 2242 1357 2273 sanctam
1383 2239 1503 2273 condat

312 2290 365 2323 Ex
390 2289 522 2322 nomine
546 2288 704 2330 vocando,
1017 2286 1151 2320 Affatim
1176 2289 1399 2329 imprecanda

177 2351 235 2384 6a.
264 2348 331 2384 Sed
358 2348 476 2382 dubius
504 2347 636 2381 visionis
885 2345 945 2380 6b.
968 2346 1149 2386 Propterea
1173 2350 1247 2379 orat
1271 2347 1447 2390 Christum,

263 2398 460 2439 Haesitavit‚
487 2406 529 2429 ne
558 2396 725 2430 daemonis

312 2447 377 2481 llla
403 2449 490 2480 esset
514 2446 615 2487 visio;

969 2394 1003 2427 Si
1029 2394 1110 2427 visio
1136 2398 1187 2428 est
1210 2405 1271 2437 per
1294 2396 1412 2438 ipsum,

1014 2444 1186 2484 Appareat
1209 2446 1316 2481 tertio.
