1652 2678
675 83 917 120 ,27-

152 181 211 215 411.
237 179 332 214 Haec
348 184 424 215 sunt
438 192 530 216 arma
546 182 662 224 quibus
678 182 771 216 miles
855 183 916 218 4b.
939 184 1037 218 Unde
1044 184 1187 225 gaudent
1194 184 1474 219 coelorumsidera

236 228 387 263 Christus
413 231 513 264 solvit
536 240 594 265 nos
621 231 722 265 exiles
939 233 985 265 Et
1009 233 1174 266 laetantur
1191 241 1401 274 quaecunque
1420 242 1470 266 ce-

286 325 339 359 Ab
365 324 488 359 inferni
512 325 673 369 faucibus,
991 328 1114 362 Christi
1138 329 1196 362 sub
1223 285 1372 370 iithrio.

154 394 211 426 δα.
237 392 346 426 Hasta
369 397 494 436 sancta,
521 396 631 436 cuspis
657 396 754 437 vitae,
858 397 915 430 5b.
939 397 1008 429 Ista
1031 396 1136 438 hasta,
1162 397 1246 430 illud
1270 397 1404 439 lignum,

243 441 313 482 Quo
338 450 399 474 rex
422 451 535 483 regum
559 443 642 477 vicit
664 445 739 488 rite,
940 445 1050 478 Stabit
1081 453 1185 486 prope
1210 446 1316 478 crucis
1339 446 1467 487 signum

287 489 313 523 Ο
340 490 437 523 beata
461 491 587 535 lancea,
986 494 1026 526 In
1052 502 1177 526 summa
1201 494 1373 528 sententia.

155 557 213 590 oa.
241 556 324 590 Cum
347 566 407 590 nos
429 558 533 598 judex
554 559 729 602 Judicabit,
858 561 919 595 eb.
945 560 1038 594 Clavi
1063 561 1166 594 sancti
1190 564 1269 594 tunc
1291 560 1472 602 fulgebunt,

243 604 402 638 Nationes
427 607 597 648 separabit
943 609 1035 642 Inter
1059 618 1150 642 arma
1175 610 1380 650 apparebunt

290 652 449 686 Districto
471 654 607 696 judicio,
991 656 1117 690 Judicis
1143 657 1276 699 aspicio.

156 722 214 755 7a.
240 719 368 753 Felices
398 721 619 755 cochilidones
857 724 916 758 7b.
944 723 1036 757 Clavi
1060 725 1171 758 dulces
1198 728 1231 758 et
1255 723 1399 765 fecundi,

239 767 380 802 Fructus
406 770 512 803 sancti
538 770 714 813 colligones
942 772 1034 806 Clavi
1060 772 1137 806 boni
1163 776 1196 805 et
1215 774 1352 814 jucundi

289 817 384 851 Beati
415 817 618 861 Christigeri,
989 821 1130 854 Fructus
1156 824 1231 854 sunt
1256 821 1434 865 fructigeri.

159 884 217 918 8a.
244 885 364 918 Botrus
382 886 485 927 Cypri
511 889 562 919 est
587 895 771 928 expressus,
859 888 921 924 8b.
945 888 1067 922 Bibant
1083 897 1193 922 omnes
1210 889 1287 922 hinc
1305 891 1475 923 credentes

242 932 389 966 Christus
415 935 512 967 tritus
538 937 636 977 atque
655 933 771 976 fessus,
942 937 1133 977 Puritatern,
1151 937 1298 970 sitientes

290 981 356 1015 Per
381 982 462 1015 haec
487 985 674 1025 torcularia,
990 985 1063 1018 Hac
1090 986 1173 1019 cella
1196 986 1332 1019 vinaria.

157 1050 214 1083 951.
240 1049 345 1082 Arma
372 1050 493 1083 dudum
519 1051 690 1095 vilipensa,
859 1052 917 1087 91).
943 1052 1064 1093 Quibus
1092 1051 1240 1086 Christus
1266 1054 1430 1095 militavit,

241 1097 339 1130 Nunc
353 1098 388 1130 in
403 1099 518 1131 laudes
533 1102 609 1131 sunt
620 1103 775 1140 protensa
944 1101 1121 1134 Militando
1143 1102 1358 1142 triumphavit

289 1146 406 1180 Vivaci
430 1147 598 1190 memoria,
992 1150 1177 1182 Laudanda
1202 1150 1349 1185 victofia.

132 1213 178 1248 10
189 1222 216 1247 a.
246 1212 313 1247 Sub
340 1213 453 1254 figuris
478 1214 560 1248 haec
584 1214 740 1256 latebant,
837 1215 919 1250 10b.
942 1216 1047 1257 Virga
1071 1226 1183 1257 magos
1209 1216 1383 1256 abdicavit,

243 1262 331 1302 Quae
357 1263 417 1295 sub
439 1262 508 1295 velo
526 1266 604 1296 tunc
621 1263 775 1297 valebant
941 1264 1038 1297 Mare
1063 1264 1198 1298 rubrum
1223 1267 1399 1306 separavit,

239 1310 286 1344 Et
302 1311 362 1344 sub
380 1311 481 1353 signis
497 1313 577 1344 tunc
587 1312 773 1354 placebant,
942 1313 1076 1346 Petram
1101 1313 1193 1354 aquis
1219 1312 1410 1348 fecundavit

289 1359 356 1392 Sed
378 1369 466 1392 nunc
490 1362 567 1393 sunt
589 1360 624 1393 in
649 1360 773 1402 patulo.
988 1361 1098 1403 Moysi
1121 1360 1242 1396 officio.

133 1427 176 1461 11
187 1437 215 1461 a.
242 1426 332 1460 Ecce
356 1428 451 1469 virga
473 1429 570 1461 hasta
593 1427 667 1467 ista,
836 1428 919 1464 1112.
944 1428 1052 1463 Clavis
1080 1430 1187 1463 cordis
1213 1429 1324 1464 David
1352 1431 1454 1463 cinxit

239 1476 311 1516 Qua
335 1475 512 1510 transfixus
538 1477 695 1518 agonista,
943 1475 1144 1519 Cytherista,
1168 1478 1218 1511 sic
1244 1479 1395 1519 depinxit

240 1524 392 1559 Christus
417 1528 529 1558 noster
553 1526 706 1558 salutiste,
942 1527 1053 1559 Venas
1079 1526 1212 1568 Christi,
1238 1527 1356 1568 quibus
1377 1527 1478 1560 tinxit

289 1572 357 1607 Nos
381 1574 510 1606 solvens
538 1574 760 1614 damnamine:
990 1574 1058 1608 Nos
1082 1578 1211 1608 sacrato
1237 1575 1404 1617 sanguino.

132 1636 213 1669 122„
242 1636 334 1669 Bone
358 1636 476 1678 victor,
503 1646 561 1670 rex
588 1638 762 1678 coelorum,
835 1636 920 1671 12b.
941 1638 1030 1671 Fons
1056 1638 1225 1671 exundans
1249 1638 1440 1679 miserendi,

243 1684 372 1718 Christe
399 1686 498 1718 decus
524 1685 723 1727 angelorum,
943 1685 1038 1719 Salus
1064 1688 1178 1719 nostra
1200 1687 1403 1727 resurgendi,

242 1732 327 1766 Vera
351 1733 439 1766 salus
465 1733 644 1779 beatorum,
942 1734 1112 1774 Miserere,
1140 1734 1197 1767 lux
1222 1734 1366 1776 videndi,

239 1781 401 1814 Miserere
426 1780 633 1823 famulorum,
941 1782 1110 1823 Miserere,
1137 1791 1212 1823 spes
1237 1783 1380 1824 vivendi,

287 1830 451 1863 Miserere
475 1831 614 1865 miseris.
992 1830 1154 1863 Miserere
1177 1831 1335 1872 parvulis,

207 1898 292 1926 Miss.
319 1906 373 1926 ms.
401 1897 572 1934 Superioris
601 1897 691 1926 Altae
719 1898 790 1926 anni
821 1895 906 1926 1493.
935 1896 1009 1926 Clm.
1034 1897 1208 1926 Monacens.
1235 1896 1294 1927 974
1319 1899 1354 1927 B.
1381 1899 1416 1927 A.
1439 1913 1477 1919 —-

125 1936 203 2006 {gilo}-
222 1937 404 2004 J{ionacens
431 1934 484 1973 (ol.
514 1936 687 1973 Superioris
713 1934 813 1972 Altae)
837 1933 915 1965 9508
942 1944 1020 1965 saec.
1050 1934 1096 1964 15.
1119 1937 1154 1965 Β.
1182 1952 1219 1956 -
1243 1936 1330 1967 Me1.:
1369 1938 1478 1967 Lauda

593 2071 641 2104 26,
684 2071 729 2104 De
751 2072 865 2103 sancta
883 2071 1018 2103 Lancea.

126 2144 185 2177 la.
212 2144 297 2185 Ave,
325 2141 450 2177 ferrum
476 2143 685 2185 triumphale,
835 2143 894 2179 lb.
920 2143 1114 2176 Fecundata
1139 2145 1174 2175 tu
1201 2151 1325 2187 cruore,

211 2193 344 2227 Intrans
369 2196 486 2234 pectus
511 2194 548 2225 tu
573 2193 676 2226 vitale
919 2192 1017 2226 Felix
1043 2192 1148 2232 hasta,
1175 2201 1234 2224 nos
1260 2201 1371 2226 amore

260 2241 351 2277 Coeli
376 2241 497 2283 pandis
524 2241 627 2282 ostia3
966 2241 1031 2274 Per
1056 2244 1089 2273 te
1114 2239 1170 2273 fixi
1196 2241 1316 2275 saucia.

122 2307 181 2340 22.
208 2305 349 2339 Florens
368 2315 475 2346 cruor,
501 2313 595 2346 quern
614 2302 773 2338 fuderunt
833 2304 893 2339 2b.
915 2303 1005 2337 Fusa
1030 2313 1091 2345 per
1116 2307 1150 2336 te
1174 2313 1214 2338 ac
1238 2305 1345 2347 rigata

208 2356 312 2389 Artus
340 2354 479 2395 Christi,
508 2363 588 2395 quos
615 2351 772 2387 foderunt
915 2353 961 2386 Et
985 2362 1046 2394 per
1071 2353 1180 2386 clavos
1206 2353 1347 2389 solidata

259 2403 431 2438 Clavorum
459 2402 587 2442 fixoria,
964 2401 1087 2435 Nostra
1113 2402 1180 2435 sint
1204 2405 1408 2444 praecordia.
