<?xml version="1.0" encoding="UTF-8"?>
<!DOCTYPE html PUBLIC "-//W3C//DTD XHTML 1.0 Transitional//EN"
    "http://www.w3.org/TR/xhtml1/DTD/xhtml1-transitional.dtd">
<html xmlns="http://www.w3.org/1999/xhtml" xml:lang="en" lang="en">
 <head>
  <title>
</title>
<meta http-equiv="Content-Type" content="text/html;charset=utf-8" />
  <meta name='ocr-system' content='tesseract 3.04.00' />
  <meta name='ocr-capabilities' content='ocr_page ocr_carea ocr_par ocr_line ocrx_word'/>
</head>
<body>
  <div class='ocr_page' id='page_1' title='image "./analectahymnica10drevuoft_00130.png"; bbox 0 0 1652 2678; ppageno 0'>
   <div class='ocr_carea' id='block_1_1' title="bbox 666 113 931 151">
    <p class='ocr_par' dir='ltr' id='par_1_1' title="bbox 666 113 931 151">
     <span class='ocr_line' id='line_1_1' title="bbox 666 113 931 151; baseline 0 -1"><span class='ocrx_word' id='word_1_1' title='bbox 666 113 931 151; x_wconf 70' lang='lat'>—127—</span> 
     </span>
    </p>
   </div>
   <div class='ocr_carea' id='block_1_2' title="bbox 127 205 1318 995">
    <p class='ocr_par' dir='ltr' id='par_1_2' title="bbox 127 205 1318 995">
     <span class='ocr_line' id='line_1_2' title="bbox 129 205 1301 252; baseline 0.005 -15"><span class='ocrx_word' id='word_1_2' title='bbox 129 205 189 238; x_wconf 87' lang='lat' dir='ltr'>2a.</span> <span class='ocrx_word' id='word_1_3' title='bbox 218 206 362 239; x_wconf 85' lang='lat' dir='ltr'>Veniens</span> <span class='ocrx_word' id='word_1_4' title='bbox 387 207 420 240; x_wconf 88' lang='lat' dir='ltr'>in</span> <span class='ocrx_word' id='word_1_5' title='bbox 448 208 573 242; x_wconf 83' lang='lat' dir='ltr'>Gallias</span> <span class='ocrx_word' id='word_1_6' title='bbox 832 212 891 246; x_wconf 69' lang='lat' dir='ltr'>ab.</span> <span class='ocrx_word' id='word_1_7' title='bbox 914 213 979 247; x_wconf 87' lang='lat' dir='ltr'>Per</span> <span class='ocrx_word' id='word_1_8' title='bbox 1005 212 1151 245; x_wconf 87' lang='lat' dir='ltr'>diversas</span> <span class='ocrx_word' id='word_1_9' title='bbox 1175 212 1301 252; x_wconf 86' lang='lat' dir='ltr'>patrias</span> 
     </span>
     <span class='ocr_line' id='line_1_3' title="bbox 216 254 1275 301; baseline 0.005 -15"><span class='ocrx_word' id='word_1_10' title='bbox 216 254 361 288; x_wconf 84' lang='lat' dir='ltr'>Verbum</span> <span class='ocrx_word' id='word_1_11' title='bbox 385 255 450 289; x_wconf 90' lang='lat' dir='ltr'>Dei</span> <span class='ocrx_word' id='word_1_12' title='bbox 474 258 614 300; x_wconf 84' lang='lat' dir='ltr'>nuntias⁷</span> <span class='ocrx_word' id='word_1_13' title='bbox 914 260 1058 294; x_wconf 83' lang='lat' dir='ltr'>Visitans</span> <span class='ocrx_word' id='word_1_14' title='bbox 1080 259 1275 301; x_wconf 85' lang='lat' dir='ltr'>provincias,</span> 
     </span>
     <span class='ocr_line' id='line_1_4' title="bbox 218 302 1267 351; baseline 0.004 -15"><span class='ocrx_word' id='word_1_15' title='bbox 218 302 333 336; x_wconf 84' lang='lat' dir='ltr'>Gentis</span> <span class='ocrx_word' id='word_1_16' title='bbox 357 314 480 345; x_wconf 86' lang='lat' dir='ltr'>pravae</span> <span class='ocrx_word' id='word_1_17' title='bbox 505 305 608 339; x_wconf 87' lang='lat' dir='ltr'>furias</span> <span class='ocrx_word' id='word_1_18' title='bbox 914 308 962 343; x_wconf 89' lang='lat' dir='ltr'>Ut</span> <span class='ocrx_word' id='word_1_19' title='bbox 985 309 1044 341; x_wconf 89' lang='lat' dir='ltr'>has</span> <span class='ocrx_word' id='word_1_20' title='bbox 1069 307 1267 351; x_wconf 78' lang='lat' dir='ltr'>lucrifacias,</span> 
     </span>
     <span class='ocr_line' id='line_1_5' title="bbox 264 350 1126 390; baseline 0.007 -7"><span class='ocrx_word' id='word_1_21' title='bbox 264 350 441 387; x_wconf 87' lang='lat' dir='ltr'>Sustulisti.</span> <span class='ocrx_word' id='word_1_22' title='bbox 962 356 1126 390; x_wconf 87' lang='lat' dir='ltr'>Perivisti.</span> 
     </span>
     <span class='ocr_line' id='line_1_6' title="bbox 129 408 1291 453; baseline 0.004 -13"><span class='ocrx_word' id='word_1_23' title='bbox 129 408 187 442; x_wconf 70' lang='lat'>321.</span> <span class='ocrx_word' id='word_1_24' title='bbox 214 408 308 441; x_wconf 81' lang='lat' dir='ltr'>Nihil</span> <span class='ocrx_word' id='word_1_25' title='bbox 332 410 394 443; x_wconf 85' lang='lat' dir='ltr'>tibi</span> <span class='ocrx_word' id='word_1_26' title='bbox 418 411 588 453; x_wconf 80' lang='lat' dir='ltr'>proprium</span> <span class='ocrx_word' id='word_1_27' title='bbox 830 414 891 449; x_wconf 74' lang='lat'>3³0.</span> <span class='ocrx_word' id='word_1_28' title='bbox 916 414 1000 448; x_wconf 74' lang='lat' dir='ltr'>Nam</span> <span class='ocrx_word' id='word_1_29' title='bbox 1023 417 1114 447; x_wconf 82' lang='lat' dir='ltr'>tuum</span> <span class='ocrx_word' id='word_1_30' title='bbox 1139 413 1291 447; x_wconf 81' lang='lat' dir='ltr'>solatium</span> 
     </span>
     <span class='ocr_line' id='line_1_7' title="bbox 214 457 1232 502; baseline 0.005 -13"><span class='ocrx_word' id='word_1_31' title='bbox 214 457 253 489; x_wconf 82' lang='lat' dir='ltr'>Iu</span> <span class='ocrx_word' id='word_1_32' title='bbox 280 457 402 491; x_wconf 81' lang='lat' dir='ltr'>Christi</span> <span class='ocrx_word' id='word_1_33' title='bbox 428 460 607 501; x_wconf 83' lang='lat' dir='ltr'>servitium,</span> <span class='ocrx_word' id='word_1_34' title='bbox 913 462 1001 497; x_wconf 84' lang='lat' dir='ltr'>Ginis</span> <span class='ocrx_word' id='word_1_35' title='bbox 1025 465 1058 496; x_wconf 85' lang='lat' dir='ltr'>et</span> <span class='ocrx_word' id='word_1_36' title='bbox 1083 462 1232 502; x_wconf 88' lang='lat' dir='ltr'>cilicium,</span> 
     </span>
     <span class='ocr_line' id='line_1_8' title="bbox 213 505 1219 551; baseline 0.004 -13"><span class='ocrx_word' id='word_1_37' title='bbox 213 505 261 538; x_wconf 90' lang='lat' dir='ltr'>Ut</span> <span class='ocrx_word' id='word_1_38' title='bbox 286 509 455 539; x_wconf 87' lang='lat' dir='ltr'>aeternum</span> <span class='ocrx_word' id='word_1_39' title='bbox 479 509 632 550; x_wconf 82' lang='lat' dir='ltr'>gaudium</span> <span class='ocrx_word' id='word_1_40' title='bbox 914 510 1040 543; x_wconf 84' lang='lat' dir='ltr'>Hordei</span> <span class='ocrx_word' id='word_1_41' title='bbox 1066 510 1219 551; x_wconf 85' lang='lat' dir='ltr'><strong>edulium,</strong></span> 
     </span>
     <span class='ocr_line' id='line_1_9' title="bbox 262 553 1192 598; baseline 0.005 -12"><span class='ocrx_word' id='word_1_42' title='bbox 262 553 446 589; x_wconf 81' lang='lat' dir='ltr'>obtineres.</span> <span class='ocrx_word' id='word_1_43' title='bbox 960 559 1030 598; x_wconf 75' lang='lat' dir='ltr'>Quo</span> <span class='ocrx_word' id='word_1_44' title='bbox 1054 558 1192 591; x_wconf 72' lang='lat' dir='ltr'>viveres.</span> 
     </span>
     <span class='ocr_line' id='line_1_10' title="bbox 127 610 1257 656; baseline 0.005 -14"><span class='ocrx_word' id='word_1_45' title='bbox 127 610 185 643; x_wconf 82' lang='lat' dir='ltr'>4a.</span> <span class='ocrx_word' id='word_1_46' title='bbox 212 610 333 644; x_wconf 88' lang='lat' dir='ltr'>Furem</span> <span class='ocrx_word' id='word_1_47' title='bbox 358 621 458 653; x_wconf 83' lang='lat' dir='ltr'>prece</span> <span class='ocrx_word' id='word_1_48' title='bbox 482 614 630 655; x_wconf 84' lang='lat' dir='ltr'>suscitas,</span> <span class='ocrx_word' id='word_1_49' title='bbox 829 615 888 649; x_wconf 87' lang='lat' dir='ltr'>4b.</span> <span class='ocrx_word' id='word_1_50' title='bbox 913 617 950 650; x_wconf 89' lang='lat' dir='ltr'>In</span> <span class='ocrx_word' id='word_1_51' title='bbox 974 616 1105 649; x_wconf 89' lang='lat' dir='ltr'>lavacro</span> <span class='ocrx_word' id='word_1_52' title='bbox 1131 617 1257 656; x_wconf 84' lang='lat' dir='ltr'>puritas</span> 
     </span>
     <span class='ocr_line' id='line_1_11' title="bbox 215 658 1261 706; baseline 0.005 -15"><span class='ocrx_word' id='word_1_53' title='bbox 215 658 328 692; x_wconf 76' lang='lat' dir='ltr'>Caecis</span> <span class='ocrx_word' id='word_1_54' title='bbox 356 661 453 693; x_wconf 83' lang='lat' dir='ltr'>datur</span> <span class='ocrx_word' id='word_1_55' title='bbox 479 662 622 706; x_wconf 80' lang='lat' dir='ltr'>claritaS,</span> <span class='ocrx_word' id='word_1_56' title='bbox 912 663 997 696; x_wconf 84' lang='lat' dir='ltr'>Nato</span> <span class='ocrx_word' id='word_1_57' title='bbox 1023 664 1108 705; x_wconf 81' lang='lat' dir='ltr'>regis</span> <span class='ocrx_word' id='word_1_58' title='bbox 1134 663 1261 697; x_wconf 87' lang='lat' dir='ltr'>novitas</span> 
     </span>
     <span class='ocr_line' id='line_1_12' title="bbox 212 707 1291 751; baseline 0.005 -12"><span class='ocrx_word' id='word_1_59' title='bbox 212 707 300 739; x_wconf 87' lang='lat' dir='ltr'>Dum</span> <span class='ocrx_word' id='word_1_60' title='bbox 324 711 381 741; x_wconf 88' lang='lat' dir='ltr'>tua</span> <span class='ocrx_word' id='word_1_61' title='bbox 404 708 590 751; x_wconf 79' lang='lat' dir='ltr'>benignitas</span> <span class='ocrx_word' id='word_1_62' title='bbox 913 711 1028 744; x_wconf 86' lang='lat' dir='ltr'>Fando</span> <span class='ocrx_word' id='word_1_63' title='bbox 1054 715 1111 744; x_wconf 89' lang='lat' dir='ltr'>tua</span> <span class='ocrx_word' id='word_1_64' title='bbox 1136 712 1291 745; x_wconf 82' lang='lat' dir='ltr'>sanctitas</span> 
     </span>
     <span class='ocr_line' id='line_1_13' title="bbox 260 756 1164 796; baseline 0.004 -8"><span class='ocrx_word' id='word_1_65' title='bbox 260 756 468 796; x_wconf 83' lang='lat' dir='ltr'>Imploratur.</span> <span class='ocrx_word' id='word_1_66' title='bbox 959 759 1164 794; x_wconf 75' lang='lat' dir='ltr'>Declaratur.</span> 
     </span>
     <span class='ocr_line' id='line_1_14' title="bbox 127 813 1290 858; baseline 0.004 -13"><span class='ocrx_word' id='word_1_67' title='bbox 127 813 188 845; x_wconf 84' lang='lat' dir='ltr'>5a.</span> <span class='ocrx_word' id='word_1_68' title='bbox 215 813 240 847; x_wconf 95' lang='grc' dir='ltr'>Ο</span> <span class='ocrx_word' id='word_1_69' title='bbox 266 816 363 854; x_wconf 78' lang='lat' dir='ltr'>pater</span> <span class='ocrx_word' id='word_1_70' title='bbox 387 815 548 858; x_wconf 84' lang='lat' dir='ltr'>amabilis,</span> <span class='ocrx_word' id='word_1_71' title='bbox 828 816 888 850; x_wconf 72' lang='lat'>512.</span> <span class='ocrx_word' id='word_1_72' title='bbox 912 816 962 850; x_wconf 86' lang='lat' dir='ltr'>Sis</span> <span class='ocrx_word' id='word_1_73' title='bbox 988 818 1082 850; x_wconf 87' lang='lat' dir='ltr'>nobis</span> <span class='ocrx_word' id='word_1_74' title='bbox 1106 817 1290 858; x_wconf 75' lang='lat' dir='ltr'>placabilis⁷</span> 
     </span>
     <span class='ocr_line' id='line_1_15' title="bbox 213 861 1290 906; baseline 0.002 -11"><span class='ocrx_word' id='word_1_75' title='bbox 213 861 412 895; x_wconf 85' lang='lat' dir='ltr'>Corruscans</span> <span class='ocrx_word' id='word_1_76' title='bbox 437 864 614 906; x_wconf 83' lang='lat' dir='ltr'>miraculis,</span> <span class='ocrx_word' id='word_1_77' title='bbox 911 864 963 898; x_wconf 88' lang='lat' dir='ltr'>Ne</span> <span class='ocrx_word' id='word_1_78' title='bbox 988 865 1129 898; x_wconf 84' lang='lat' dir='ltr'>Satanae</span> <span class='ocrx_word' id='word_1_79' title='bbox 1151 866 1290 899; x_wconf 81' lang='lat' dir='ltr'>vinculis</span> 
     </span>
     <span class='ocr_line' id='line_1_16' title="bbox 211 910 1318 954; baseline 0.004 -12"><span class='ocrx_word' id='word_1_80' title='bbox 211 910 339 943; x_wconf 85' lang='lat' dir='ltr'>Munda</span> <span class='ocrx_word' id='word_1_81' title='bbox 362 919 421 943; x_wconf 92' lang='lat' dir='ltr'>nos</span> <span class='ocrx_word' id='word_1_82' title='bbox 447 921 467 944; x_wconf 93' lang='lat' dir='ltr'>a</span> <span class='ocrx_word' id='word_1_83' title='bbox 490 913 625 945; x_wconf 86' lang='lat' dir='ltr'>maculis</span> <span class='ocrx_word' id='word_1_84' title='bbox 913 913 1096 946; x_wconf 78' lang='lat' dir='ltr'>subdamur</span> <span class='ocrx_word' id='word_1_85' title='bbox 1121 923 1178 946; x_wconf 91' lang='lat' dir='ltr'>seu</span> <span class='ocrx_word' id='word_1_86' title='bbox 1200 913 1318 954; x_wconf 88' lang='lat' dir='ltr'>jaculis</span> 
     </span>
     <span class='ocr_line' id='line_1_17' title="bbox 261 957 1195 995; baseline 0.004 -5"><span class='ocrx_word' id='word_1_87' title='bbox 261 957 340 991; x_wconf 84' lang='lat' dir='ltr'>Sine</span> <span class='ocrx_word' id='word_1_88' title='bbox 363 968 465 995; x_wconf 83' lang='lat' dir='ltr'>mora.</span> <span class='ocrx_word' id='word_1_89' title='bbox 958 961 1079 994; x_wconf 81' lang='lat' dir='ltr'>Mortis</span> <span class='ocrx_word' id='word_1_90' title='bbox 1103 961 1195 995; x_wconf 81' lang='lat' dir='ltr'>hora.</span> 
     </span>
    </p>
   </div>
   <div class='ocr_carea' id='block_1_3' title="bbox 203 1034 1176 1066">
    <p class='ocr_par' dir='ltr' id='par_1_3' title="bbox 203 1034 1176 1066">
     <span class='ocr_line' id='line_1_18' title="bbox 203 1034 1176 1066; baseline 0.003 -4"><span class='ocrx_word' id='word_1_91' title='bbox 203 1034 322 1062; x_wconf 85' lang='lat' dir='ltr'>Prosar.</span> <span class='ocrx_word' id='word_1_92' title='bbox 344 1044 398 1063; x_wconf 88' lang='lat' dir='ltr'>ms.</span> <span class='ocrx_word' id='word_1_93' title='bbox 420 1035 450 1064; x_wconf 83' lang='lat' dir='ltr'>S.</span> <span class='ocrx_word' id='word_1_94' title='bbox 471 1036 600 1064; x_wconf 84' lang='lat' dir='ltr'>Amandi</span> <span class='ocrx_word' id='word_1_95' title='bbox 621 1044 698 1065; x_wconf 76' lang='lat' dir='ltr'>saec.</span> <span class='ocrx_word' id='word_1_96' title='bbox 722 1035 767 1065; x_wconf 82' lang='lat'>16.</span> <span class='ocrx_word' id='word_1_97' title='bbox 790 1036 861 1066; x_wconf 79' lang='lat' dir='ltr'>Ood.</span> <span class='ocrx_word' id='word_1_98' title='bbox 882 1037 1108 1065; x_wconf 82' lang='lat' dir='ltr'>Valentianens.</span> <span class='ocrx_word' id='word_1_99' title='bbox 1130 1035 1176 1065; x_wconf 86' lang='lat'>99.</span> 
     </span>
    </p>
   </div>
   <div class='ocr_carea' id='block_1_4' title="bbox 504 1175 1086 1210">
    <p class='ocr_par' dir='ltr' id='par_1_4' title="bbox 504 1175 1086 1210">
     <span class='ocr_line' id='line_1_19' title="bbox 504 1175 1086 1210; baseline 0.002 -3"><span class='ocrx_word' id='word_1_100' title='bbox 504 1175 566 1208; x_wconf 88' lang='grc'>166.</span> <span class='ocrx_word' id='word_1_101' title='bbox 606 1177 642 1208; x_wconf 92' lang='lat' dir='ltr'>In</span> <span class='ocrx_word' id='word_1_102' title='bbox 662 1176 877 1210; x_wconf 83' lang='lat' dir='ltr'>Restitutione</span> <span class='ocrx_word' id='word_1_103' title='bbox 897 1187 922 1210; x_wconf 89' lang='lat' dir='ltr'>s.</span> <span class='ocrx_word' id='word_1_104' title='bbox 944 1178 1086 1210; x_wconf 86' lang='lat' dir='ltr'>Amandi.</span> 
     </span>
    </p>
   </div>
   <div class='ocr_carea' id='block_1_5' title="bbox 119 1257 1461 2014">
    <p class='ocr_par' dir='ltr' id='par_1_5' title="bbox 119 1257 1461 2014">
     <span class='ocr_line' id='line_1_20' title="bbox 127 1257 1297 1294; baseline 0 -4"><span class='ocrx_word' id='word_1_105' title='bbox 127 1257 185 1290; x_wconf 82' lang='lat' dir='ltr'>la.</span> <span class='ocrx_word' id='word_1_106' title='bbox 215 1258 316 1290; x_wconf 86' lang='lat' dir='ltr'>Festa</span> <span class='ocrx_word' id='word_1_107' title='bbox 340 1257 421 1290; x_wconf 87' lang='lat' dir='ltr'>lucis</span> <span class='ocrx_word' id='word_1_108' title='bbox 447 1258 618 1290; x_wconf 79' lang='lat' dir='ltr'>hodiernae</span> <span class='ocrx_word' id='word_1_109' title='bbox 825 1259 884 1294; x_wconf 85' lang='lat' dir='ltr'>1b,</span> <span class='ocrx_word' id='word_1_110' title='bbox 905 1259 1091 1292; x_wconf 89' lang='lat' dir='ltr'>Attolamus</span> <span class='ocrx_word' id='word_1_111' title='bbox 1117 1259 1297 1291; x_wconf 90' lang='lat' dir='ltr'>venerandi</span> 
     </span>
     <span class='ocr_line' id='line_1_21' title="bbox 211 1305 1368 1347; baseline 0 -9"><span class='ocrx_word' id='word_1_112' title='bbox 211 1305 427 1338; x_wconf 87' lang='lat' dir='ltr'>Celebrantur</span> <span class='ocrx_word' id='word_1_113' title='bbox 450 1306 485 1338; x_wconf 90' lang='lat' dir='ltr'>in</span> <span class='ocrx_word' id='word_1_114' title='bbox 510 1315 672 1346; x_wconf 87' lang='lat' dir='ltr'>supernae</span> <span class='ocrx_word' id='word_1_115' title='bbox 907 1306 955 1341; x_wconf 89' lang='lat' dir='ltr'>Ob</span> <span class='ocrx_word' id='word_1_116' title='bbox 982 1306 1068 1339; x_wconf 84' lang='lat' dir='ltr'>festa</span> <span class='ocrx_word' id='word_1_117' title='bbox 1093 1307 1199 1347; x_wconf 87' lang='lat' dir='ltr'>patris</span> <span class='ocrx_word' id='word_1_118' title='bbox 1225 1307 1368 1341; x_wconf 89' lang='lat' dir='ltr'>Amandi</span> 
     </span>
     <span class='ocr_line' id='line_1_22' title="bbox 256 1352 1353 1396; baseline 0 -9"><span class='ocrx_word' id='word_1_119' title='bbox 256 1352 399 1387; x_wconf 87' lang='lat' dir='ltr'>Deitatis</span> <span class='ocrx_word' id='word_1_120' title='bbox 426 1355 527 1396; x_wconf 83' lang='lat' dir='ltr'>curia,</span> <span class='ocrx_word' id='word_1_121' title='bbox 953 1355 1085 1388; x_wconf 86' lang='lat' dir='ltr'>Laudes</span> <span class='ocrx_word' id='word_1_122' title='bbox 1112 1358 1146 1387; x_wconf 86' lang='lat' dir='ltr'>et</span> <span class='ocrx_word' id='word_1_123' title='bbox 1169 1355 1353 1396; x_wconf 79' lang='lat' dir='ltr'>praeconia,</span> 
     </span>
     <span class='ocr_line' id='line_1_23' title="bbox 123 1411 1400 1454; baseline 0 -10"><span class='ocrx_word' id='word_1_124' title='bbox 123 1412 181 1444; x_wconf 83' lang='lat' dir='ltr'>2a.</span> <span class='ocrx_word' id='word_1_125' title='bbox 209 1411 274 1444; x_wconf 89' lang='lat' dir='ltr'>Hic</span> <span class='ocrx_word' id='word_1_126' title='bbox 297 1411 459 1444; x_wconf 77' lang='lat' dir='ltr'>illustrem</span> <span class='ocrx_word' id='word_1_127' title='bbox 483 1413 632 1452; x_wconf 86' lang='lat' dir='ltr'>linquens</span> <span class='ocrx_word' id='word_1_128' title='bbox 657 1415 763 1446; x_wconf 89' lang='lat' dir='ltr'>ortum</span> <span class='ocrx_word' id='word_1_129' title='bbox 823 1413 882 1447; x_wconf 84' lang='lat' dir='ltr'>2b.</span> <span class='ocrx_word' id='word_1_130' title='bbox 905 1414 1039 1447; x_wconf 83' lang='lat' dir='ltr'>Omnem</span> <span class='ocrx_word' id='word_1_131' title='bbox 1063 1422 1146 1454; x_wconf 88' lang='lat' dir='ltr'>puer</span> <span class='ocrx_word' id='word_1_132' title='bbox 1170 1413 1400 1446; x_wconf 86' lang='lat' dir='ltr'>monachorum</span> 
     </span>
     <span class='ocr_line' id='line_1_24' title="bbox 211 1460 1461 1501; baseline 0 -8"><span class='ocrx_word' id='word_1_133' title='bbox 211 1461 320 1493; x_wconf 85' lang='lat' dir='ltr'>Intrat</span> <span class='ocrx_word' id='word_1_134' title='bbox 343 1469 445 1501; x_wconf 86' lang='lat' dir='ltr'>mare,</span> <span class='ocrx_word' id='word_1_135' title='bbox 472 1460 557 1501; x_wconf 86' lang='lat' dir='ltr'>petit</span> <span class='ocrx_word' id='word_1_136' title='bbox 579 1464 720 1501; x_wconf 85' lang='lat' dir='ltr'>portum,</span> <span class='ocrx_word' id='word_1_137' title='bbox 905 1462 1060 1494; x_wconf 84' lang='lat' dir='ltr'>Normam</span> <span class='ocrx_word' id='word_1_138' title='bbox 1086 1464 1205 1501; x_wconf 85' lang='lat' dir='ltr'>servat,</span> <span class='ocrx_word' id='word_1_139' title='bbox 1232 1470 1251 1493; x_wconf 92' lang='lat' dir='ltr'>a</span> <span class='ocrx_word' id='word_1_140' title='bbox 1276 1463 1461 1494; x_wconf 81' lang='lat' dir='ltr'>sanctorum</span> 
     </span>
     <span class='ocr_line' id='line_1_25' title="bbox 258 1507 1312 1550; baseline 0.003 -9"><span class='ocrx_word' id='word_1_141' title='bbox 258 1507 315 1541; x_wconf 83' lang='lat' dir='ltr'>Fit</span> <span class='ocrx_word' id='word_1_142' title='bbox 340 1509 464 1542; x_wconf 84' lang='lat' dir='ltr'>Christi</span> <span class='ocrx_word' id='word_1_143' title='bbox 489 1509 679 1550; x_wconf 78' lang='lat' dir='ltr'>coenobita3</span> <span class='ocrx_word' id='word_1_144' title='bbox 953 1509 1028 1542; x_wconf 79' lang='lat' dir='ltr'>Non</span> <span class='ocrx_word' id='word_1_145' title='bbox 1053 1509 1163 1542; x_wconf 79' lang='lat' dir='ltr'>deviat</span> <span class='ocrx_word' id='word_1_146' title='bbox 1187 1509 1312 1544; x_wconf 83' lang='lat' dir='ltr'>semita.</span> 
     </span>
     <span class='ocr_line' id='line_1_26' title="bbox 122 1566 1377 1608; baseline 0.002 -8"><span class='ocrx_word' id='word_1_147' title='bbox 122 1567 179 1600; x_wconf 85' lang='lat' dir='ltr'>3a.</span> <span class='ocrx_word' id='word_1_148' title='bbox 207 1566 306 1608; x_wconf 87' lang='lat' dir='ltr'>Signa</span> <span class='ocrx_word' id='word_1_149' title='bbox 331 1567 501 1608; x_wconf 85' lang='lat' dir='ltr'>signantur</span> <span class='ocrx_word' id='word_1_150' title='bbox 524 1567 691 1608; x_wconf 88' lang='lat' dir='ltr'>virtutum,</span> <span class='ocrx_word' id='word_1_151' title='bbox 822 1567 881 1601; x_wconf 84' lang='lat' dir='ltr'>3b.</span> <span class='ocrx_word' id='word_1_152' title='bbox 905 1567 975 1600; x_wconf 86' lang='lat' dir='ltr'>Deo</span> <span class='ocrx_word' id='word_1_153' title='bbox 1002 1573 1100 1608; x_wconf 86' lang='lat' dir='ltr'>atque</span> <span class='ocrx_word' id='word_1_154' title='bbox 1124 1566 1245 1600; x_wconf 87' lang='lat' dir='ltr'>mundo</span> <span class='ocrx_word' id='word_1_155' title='bbox 1273 1576 1377 1603; x_wconf 61' lang='lat' dir='ltr'>carus„</span> 
     </span>
     <span class='ocr_line' id='line_1_27' title="bbox 206 1614 1347 1656; baseline 0 -9"><span class='ocrx_word' id='word_1_156' title='bbox 206 1614 330 1647; x_wconf 85' lang='lat' dir='ltr'>Multus</span> <span class='ocrx_word' id='word_1_157' title='bbox 355 1616 455 1656; x_wconf 81' lang='lat' dir='ltr'>viror,</span> <span class='ocrx_word' id='word_1_158' title='bbox 481 1616 547 1648; x_wconf 86' lang='lat' dir='ltr'>iter</span> <span class='ocrx_word' id='word_1_159' title='bbox 571 1618 676 1648; x_wconf 91' lang='lat' dir='ltr'>tutum</span> <span class='ocrx_word' id='word_1_160' title='bbox 905 1615 1111 1656; x_wconf 88' lang='lat' dir='ltr'>Trajectensi</span> <span class='ocrx_word' id='word_1_161' title='bbox 1136 1616 1215 1648; x_wconf 88' lang='lat' dir='ltr'>sede</span> <span class='ocrx_word' id='word_1_162' title='bbox 1241 1616 1347 1648; x_wconf 86' lang='lat' dir='ltr'>clarus</span> 
     </span>
     <span class='ocr_line' id='line_1_28' title="bbox 255 1662 1259 1704; baseline -0.001 -8"><span class='ocrx_word' id='word_1_163' title='bbox 255 1662 320 1696; x_wconf 83' lang='lat' dir='ltr'>Per</span> <span class='ocrx_word' id='word_1_164' title='bbox 346 1672 419 1695; x_wconf 90' lang='lat' dir='ltr'>eum</span> <span class='ocrx_word' id='word_1_165' title='bbox 446 1664 670 1704; x_wconf 80' lang='lat' dir='ltr'>consequitur:</span> <span class='ocrx_word' id='word_1_166' title='bbox 952 1664 1079 1697; x_wconf 87' lang='lat' dir='ltr'>Invitus</span> <span class='ocrx_word' id='word_1_167' title='bbox 1107 1662 1259 1704; x_wconf 84' lang='lat' dir='ltr'>efficitur,</span> 
     </span>
     <span class='ocr_line' id='line_1_29' title="bbox 121 1719 1410 1766; baseline -0.001 -12"><span class='ocrx_word' id='word_1_168' title='bbox 121 1721 180 1754; x_wconf 79' lang='lat' dir='ltr'>4a.</span> <span class='ocrx_word' id='word_1_169' title='bbox 209 1720 307 1754; x_wconf 89' lang='lat' dir='ltr'>Unde</span> <span class='ocrx_word' id='word_1_170' title='bbox 332 1719 410 1754; x_wconf 87' lang='lat' dir='ltr'>fana</span> <span class='ocrx_word' id='word_1_171' title='bbox 431 1721 500 1761; x_wconf 87' lang='lat' dir='ltr'>jam</span> <span class='ocrx_word' id='word_1_172' title='bbox 527 1722 670 1766; x_wconf 85' lang='lat' dir='ltr'>deponit,</span> <span class='ocrx_word' id='word_1_173' title='bbox 821 1721 882 1755; x_wconf 83' lang='lat' dir='ltr'>4b.</span> <span class='ocrx_word' id='word_1_174' title='bbox 903 1722 1111 1762; x_wconf 90' lang='lat' dir='ltr'>Elnonensis‚</span> <span class='ocrx_word' id='word_1_175' title='bbox 1139 1730 1221 1762; x_wconf 86' lang='lat' dir='ltr'>quae</span> <span class='ocrx_word' id='word_1_176' title='bbox 1246 1722 1410 1762; x_wconf 88' lang='lat' dir='ltr'>supultum</span> 
     </span>
     <span class='ocr_line' id='line_1_30' title="bbox 203 1769 1389 1812; baseline 0 -10"><span class='ocrx_word' id='word_1_177' title='bbox 203 1769 439 1802; x_wconf 85' lang='lat' dir='ltr'>Monachorum</span> <span class='ocrx_word' id='word_1_178' title='bbox 464 1770 511 1802; x_wconf 90' lang='lat' dir='ltr'>ibi</span> <span class='ocrx_word' id='word_1_179' title='bbox 535 1770 630 1809; x_wconf 83' lang='lat' dir='ltr'>ponit</span> <span class='ocrx_word' id='word_1_180' title='bbox 906 1770 1031 1809; x_wconf 76' lang='lat' dir='ltr'>Corpus</span> <span class='ocrx_word' id='word_1_181' title='bbox 1057 1769 1156 1802; x_wconf 91' lang='lat' dir='ltr'>habet</span> <span class='ocrx_word' id='word_1_182' title='bbox 1181 1769 1228 1802; x_wconf 89' lang='lat' dir='ltr'>ibi</span> <span class='ocrx_word' id='word_1_183' title='bbox 1255 1770 1389 1812; x_wconf 82' lang='lat' dir='ltr'>cultum,</span> 
     </span>
     <span class='ocr_line' id='line_1_31' title="bbox 256 1817 1283 1858; baseline 0.001 -9"><span class='ocrx_word' id='word_1_184' title='bbox 256 1817 359 1850; x_wconf 87' lang='lat' dir='ltr'>Sacra</span> <span class='ocrx_word' id='word_1_185' title='bbox 384 1818 614 1858; x_wconf 87' lang='lat' dir='ltr'>contubernia;</span> <span class='ocrx_word' id='word_1_186' title='bbox 953 1817 1111 1850; x_wconf 85' lang='lat' dir='ltr'>Laetetur</span> <span class='ocrx_word' id='word_1_187' title='bbox 1136 1817 1283 1851; x_wconf 88' lang='lat' dir='ltr'>ecclesia.</span> 
     </span>
     <span class='ocr_line' id='line_1_32' title="bbox 119 1875 1404 1916; baseline -0.002 -6"><span class='ocrx_word' id='word_1_188' title='bbox 119 1877 177 1910; x_wconf 84' lang='lat' dir='ltr'>5a.</span> <span class='ocrx_word' id='word_1_189' title='bbox 205 1875 326 1909; x_wconf 86' lang='lat' dir='ltr'>Sancte</span> <span class='ocrx_word' id='word_1_190' title='bbox 350 1879 456 1916; x_wconf 84' lang='lat' dir='ltr'>pater,</span> <span class='ocrx_word' id='word_1_191' title='bbox 483 1876 569 1909; x_wconf 87' lang='lat' dir='ltr'>viam</span> <span class='ocrx_word' id='word_1_192' title='bbox 592 1875 681 1909; x_wconf 88' lang='lat' dir='ltr'>vitae</span> <span class='ocrx_word' id='word_1_193' title='bbox 822 1875 884 1910; x_wconf 87' lang='lat' dir='ltr'>5b.</span> <span class='ocrx_word' id='word_1_194' title='bbox 908 1876 954 1909; x_wconf 93' lang='lat' dir='ltr'>Ut</span> <span class='ocrx_word' id='word_1_195' title='bbox 981 1877 1147 1908; x_wconf 85' lang='lat' dir='ltr'>consortes</span> <span class='ocrx_word' id='word_1_196' title='bbox 1174 1884 1244 1908; x_wconf 88' lang='lat' dir='ltr'>cum</span> <span class='ocrx_word' id='word_1_197' title='bbox 1271 1879 1404 1916; x_wconf 84' lang='lat' dir='ltr'>pastore</span> 
     </span>
     <span class='ocr_line' id='line_1_33' title="bbox 203 1924 1271 1966; baseline -0.001 -9"><span class='ocrx_word' id='word_1_198' title='bbox 203 1925 401 1958; x_wconf 83' lang='lat' dir='ltr'>Elnonensis</span> <span class='ocrx_word' id='word_1_199' title='bbox 429 1924 618 1957; x_wconf 85' lang='lat' dir='ltr'>coenobitae</span> <span class='ocrx_word' id='word_1_200' title='bbox 906 1924 991 1957; x_wconf 86' lang='lat' dir='ltr'>Oves</span> <span class='ocrx_word' id='word_1_201' title='bbox 1016 1924 1087 1957; x_wconf 86' lang='lat' dir='ltr'>Deo</span> <span class='ocrx_word' id='word_1_202' title='bbox 1112 1924 1271 1966; x_wconf 84' lang='lat' dir='ltr'>largitore</span> 
     </span>
     <span class='ocr_line' id='line_1_34' title="bbox 253 1972 1376 2014; baseline -0.002 -8"><span class='ocrx_word' id='word_1_203' title='bbox 253 1972 328 2014; x_wconf 85' lang='lat' dir='ltr'>Ora,</span> <span class='ocrx_word' id='word_1_204' title='bbox 356 1973 448 2013; x_wconf 83' lang='lat' dir='ltr'>sequi</span> <span class='ocrx_word' id='word_1_205' title='bbox 473 1974 613 2014; x_wconf 85' lang='lat' dir='ltr'>valeant,</span> <span class='ocrx_word' id='word_1_206' title='bbox 953 1972 993 2004; x_wconf 88' lang='lat' dir='ltr'>In</span> <span class='ocrx_word' id='word_1_207' title='bbox 1019 1972 1116 2005; x_wconf 88' lang='lat' dir='ltr'>coelis</span> <span class='ocrx_word' id='word_1_208' title='bbox 1144 1972 1376 2014; x_wconf 83' lang='lat' dir='ltr'>congaudeant.</span> 
     </span>
    </p>
   </div>
   <div class='ocr_carea' id='block_1_6' title="bbox 194 2047 1166 2079">
    <p class='ocr_par' dir='ltr' id='par_1_6' title="bbox 194 2047 1166 2079">
     <span class='ocr_line' id='line_1_35' title="bbox 194 2047 1166 2079; baseline -0.001 0"><span class='ocrx_word' id='word_1_209' title='bbox 194 2050 312 2079; x_wconf 78' lang='lat' dir='ltr'>Prosar.</span> <span class='ocrx_word' id='word_1_210' title='bbox 334 2059 390 2078; x_wconf 85' lang='lat' dir='ltr'>ms.</span> <span class='ocrx_word' id='word_1_211' title='bbox 410 2048 441 2078; x_wconf 85' lang='lat' dir='ltr'>S.</span> <span class='ocrx_word' id='word_1_212' title='bbox 463 2049 593 2079; x_wconf 85' lang='lat' dir='ltr'>Amandi</span> <span class='ocrx_word' id='word_1_213' title='bbox 612 2058 691 2079; x_wconf 82' lang='lat' dir='ltr'>saec.</span> <span class='ocrx_word' id='word_1_214' title='bbox 714 2048 759 2079; x_wconf 86' lang='lat'>16.</span> <span class='ocrx_word' id='word_1_215' title='bbox 781 2049 853 2078; x_wconf 70' lang='lat' dir='ltr'>Cod·</span> <span class='ocrx_word' id='word_1_216' title='bbox 873 2050 1099 2079; x_wconf 73' lang='lat' dir='ltr'>Valentianens.</span> <span class='ocrx_word' id='word_1_217' title='bbox 1120 2047 1166 2078; x_wconf 84' lang='lat'>99.</span> 
     </span>
    </p>
   </div>
   <div class='ocr_carea' id='block_1_7' title="bbox 559 2181 1014 2216">
    <p class='ocr_par' dir='ltr' id='par_1_7' title="bbox 559 2181 1014 2216">
     <span class='ocr_line' id='line_1_36' title="bbox 559 2181 1014 2216; baseline -0.002 -1"><span class='ocrx_word' id='word_1_218' title='bbox 559 2183 620 2215; x_wconf 81' lang='lat'>167.</span> <span class='ocrx_word' id='word_1_219' title='bbox 660 2181 705 2215; x_wconf 86' lang='lat' dir='ltr'>De</span> <span class='ocrx_word' id='word_1_220' title='bbox 726 2185 833 2216; x_wconf 81' lang='lat' dir='ltr'>sancto</span> <span class='ocrx_word' id='word_1_221' title='bbox 855 2182 1014 2216; x_wconf 80' lang='lat' dir='ltr'>Anatolio.</span> 
     </span>
    </p>
   </div>
   <div class='ocr_carea' id='block_1_8' title="bbox 113 2264 1382 2407">
    <p class='ocr_par' dir='ltr' id='par_1_8' title="bbox 113 2264 1382 2407">
     <span class='ocr_line' id='line_1_37' title="bbox 117 2264 1244 2300; baseline -0.003 0"><span class='ocrx_word' id='word_1_222' title='bbox 117 2267 175 2300; x_wconf 86' lang='lat' dir='ltr'>la.</span> <span class='ocrx_word' id='word_1_223' title='bbox 202 2265 422 2298; x_wconf 82' lang='lat' dir='ltr'>Decantemus</span> <span class='ocrx_word' id='word_1_224' title='bbox 447 2265 548 2298; x_wconf 90' lang='lat' dir='ltr'>hodie</span> <span class='ocrx_word' id='word_1_225' title='bbox 820 2264 879 2298; x_wconf 89' lang='lat' dir='ltr'>1b.</span> <span class='ocrx_word' id='word_1_226' title='bbox 905 2265 1073 2300; x_wconf 86' lang='lat' dir='ltr'>Canticum</span> <span class='ocrx_word' id='word_1_227' title='bbox 1099 2265 1244 2299; x_wconf 81' lang='lat' dir='ltr'>laetitiae</span> 
     </span>
     <span class='ocr_line' id='line_1_38' title="bbox 249 2313 1382 2356; baseline 0 -9"><span class='ocrx_word' id='word_1_228' title='bbox 249 2315 289 2348; x_wconf 85' lang='lat' dir='ltr'>In</span> <span class='ocrx_word' id='word_1_229' title='bbox 316 2314 415 2347; x_wconf 88' lang='lat' dir='ltr'>choro</span> <span class='ocrx_word' id='word_1_230' title='bbox 443 2323 515 2346; x_wconf 88' lang='lat' dir='ltr'>cum</span> <span class='ocrx_word' id='word_1_231' title='bbox 539 2315 695 2354; x_wconf 74' lang='lat' dir='ltr'>tympano</span> <span class='ocrx_word' id='word_1_232' title='bbox 954 2314 1034 2347; x_wconf 85' lang='lat' dir='ltr'>Cum</span> <span class='ocrx_word' id='word_1_233' title='bbox 1061 2313 1168 2347; x_wconf 89' lang='lat' dir='ltr'>choris</span> <span class='ocrx_word' id='word_1_234' title='bbox 1195 2317 1228 2347; x_wconf 89' lang='lat' dir='ltr'>et</span> <span class='ocrx_word' id='word_1_235' title='bbox 1253 2323 1382 2356; x_wconf 84' lang='lat' dir='ltr'>organO.</span> 
     </span>
     <span class='ocr_line' id='line_1_39' title="bbox 113 2371 1373 2407; baseline -0.001 0"><span class='ocrx_word' id='word_1_236' title='bbox 113 2375 170 2407; x_wconf 88' lang='lat' dir='ltr'>2a.</span> <span class='ocrx_word' id='word_1_237' title='bbox 198 2373 253 2407; x_wconf 91' lang='lat' dir='ltr'>Ad</span> <span class='ocrx_word' id='word_1_238' title='bbox 282 2372 369 2406; x_wconf 84' lang='lat' dir='ltr'>beati</span> <span class='ocrx_word' id='word_1_239' title='bbox 398 2371 595 2406; x_wconf 88' lang='lat' dir='ltr'>confessoris</span> <span class='ocrx_word' id='word_1_240' title='bbox 823 2372 885 2407; x_wconf 83' lang='lat' dir='ltr'>2b.</span> <span class='ocrx_word' id='word_1_241' title='bbox 908 2373 1108 2405; x_wconf 86' lang='lat' dir='ltr'>Veneremur</span> <span class='ocrx_word' id='word_1_242' title='bbox 1135 2372 1258 2405; x_wconf 89' lang='lat' dir='ltr'>cunctis</span> <span class='ocrx_word' id='word_1_243' title='bbox 1283 2372 1373 2406; x_wconf 74' lang='lat' dir='ltr'>horis</span> 
     </span>
    </p>
   </div>
   <div class='ocr_carea' id='block_1_9' title="bbox 248 2420 1329 2464">
    <p class='ocr_par' dir='ltr' id='par_1_9' title="bbox 248 2420 1329 2464">
     <span class='ocr_line' id='line_1_40' title="bbox 248 2420 1329 2464; baseline -0.002 -8"><span class='ocrx_word' id='word_1_244' title='bbox 248 2422 424 2457; x_wconf 80' lang='lat' dir='ltr'>Gurramus</span> <span class='ocrx_word' id='word_1_245' title='bbox 449 2421 641 2464; x_wconf 87' lang='lat' dir='ltr'>subsidium,</span> <span class='ocrx_word' id='word_1_246' title='bbox 952 2420 1106 2456; x_wconf 86' lang='lat' dir='ltr'>Sanctum</span> <span class='ocrx_word' id='word_1_247' title='bbox 1131 2421 1329 2455; x_wconf 89' lang='lat' dir='ltr'>Anatolium.</span> 
     </span>
    </p>
   </div>
  </div>
 </body>
</html>
