1652 2678
147 194 209 226 fia.
235 192 348 234 Aquas
376 195 488 230 dulces
514 197 654 236 transiit,

234 241 370 278 Terram
396 246 531 285 tangens
559 245 639 279 exiit

283 290 358 323 Non
383 291 532 333 linquens
557 293 753 336 thesaurum,

235 337 297 377 Qui
321 347 399 372 vero
425 339 595 382 nauhu-gio

232 385 292 418 Sui
315 385 474 420 beneficio

280 435 391 468 Vincit
415 444 568 478 gemmas,
595 446 717 473 aurum.

147 508 207 540 7a.
233 506 461 541 constructam
485 508 654 542 basilicam

235 555 301 588 Per
325 555 479 589 virtutem
505 557 628 590 deicam

280 603 343 636 Dei
368 604 520 644 genitrici

231 650 399 684 stabilivit
425 652 555 695 Lucius,

230 698 278 732 Ut
301 699 413 733 vincat
437 701 582 733 securius

277 748 426 782 Fraudes
450 748 584 782 inimici.

141 820 200 853 Sa.
229 821 296 854 Sed
320 823 397 862 post
422 830 499 853 casu
520 819 623 854 flebili

225 869 442 903 Praevalente
468 868 594 902 crudeli

277 917 382 951 Gente
407 918 666 951 Normannorum

225 965 262 998 111
290 968 437 999 nostrum
463 966 670 1006 dispendium

222 1013 351 1048 Ditavit
374 1014 609 1047 Trenorchium

274 1062 397 1103 Magna
421 1071 498 1103 pars
524 1071 699 1097 sacrorum.

138 1135 201 1169 ssa.
226 1133 275 1167 Ut
299 1135 402 1167 sacris
427 1134 655 1175 praesentibus

222 1182 382 1215 Adversis
408 1183 582 1224 gentilibus

271 1230 358 1263 Laus
383 1233 416 1262 et
440 1231 544 1264 honor
569 1230 673 1272 detur,

220 1278 313 1312 Haec
339 1278 408 1311 dies
437 1277 604 1317 laudiflua,

220 1326 307 1359 Dum
333 1327 476 1360 recurrit
499 1336 616 1368 annua,

267 1375 413 1409 Celebris
439 1374 578 1408 habetur

855 198 916 233 6b.
938 199 1018 232 Loci
1043 199 1123 232 situs
1149 200 1283 240 placuit,

935 246 1023 281 Loco
1049 256 1164 281 nomen
1189 248 1340 288 praebuit

984 295 1037 328 De
1060 304 1118 328 suo
1144 295 1327 335 formatum,

936 343 1063 377 Nomen
1087 345 1175 385 sapit
1198 344 1292 377 Lucii

934 391 1061 425 Nomen
1086 392 1234 426 Lucionii

983 440 1086 473 Recte
1112 441 1304 474 derivatum.

852 511 913 546 7b.
935 511 982 545 Et
1005 512 1092 553 quod
1116 512 1200 546 bene
1224 513 1371 554 congruit

936 560 1096 594 Personas
1121 560 1260 594 instituit

982 608 1129 641 Moribus
1158 611 1312 652 maturas,

934 655 1020 695 Quas
1044 665 1152 689 secum
1178 657 1370 700 adduxerat,

932 703 971 737 In
996 705 1128 746 templo,
1157 705 1242 746 quod
1267 704 1391 738 fecerat

980 752 1050 786 Deo
1076 755 1265 787 servituras,

847 823 905 857 8b.
929 824 993 857 Illa
1017 828 1124 857 tamen
1149 826 1266 866 portio,

930 873 1018 913 Quae
1041 873 1105 906 Dei
1130 873 1275 906 subsidio

977 920 1056 953 Fuit
1080 923 1257 955 reservata,

928 967 1083 1010 Refulget
1101 970 1262 1002 miraculis

925 1017 1016 1057 Quae
1037 1020 1115 1050 sunt
1138 1017 1234 1050 claris
1256 1017 1361 1050 titulis

975 1064 1081 1106 Saepe
1111 1066 1285 1106 divulgata.

844 1135 903 1170 eb.
928 1137 1018 1177 Ergo
1042 1137 1132 1170 vocis
1157 1136 1288 1170 sobriae

928 1186 1120 1218 Praesentes
1146 1185 1303 1225 reliquiae

974 1232 1089 1266 Laude
1115 1234 1347 1273 commendate,

927 1281 1066 1323 Christo,
1086 1281 1156 1322 regi
1172 1281 1305 1323 gloriae,

922 1328 990 1362 Nos
1018 1330 1244 1362 commendent
1267 1329 1365 1363 hodie

973 1377 1040 1411 Sua
1063 1378 1246 1411 sanctitate.

213 1460 299 1489 Miss.
319 1460 513 1490 Pictaviense
532 1463 604 1499 imp.
624 1462 751 1491 Parisiis
774 1460 858 1491 1541.
873 1478 911 1482 —
928 1462 977 1497 la,
1001 1462 1016 1491 1
1039 1463 1215 1501 Luc-ionum.
1235 1477 1275 1482 —
1290 1461 1340 1491 11).
1363 1462 1382 1491 2
1404 1464 1479 1492 Cum

134 1500 218 1529 fehlt.
241 1514 281 1519 —
302 1499 363 1535 62,
384 1500 402 1529 5
424 1500 485 1529 Seu
505 1499 658 1529 beneficio.
679 1515 718 1521 ——
738 1499 797 1536 9a,
818 1499 836 1531 2
857 1502 1005 1538 gentibus.
1026 1517 1065 1521 —
1085 1502 1169 1530 Uber
1190 1501 1239 1530 die
1259 1502 1324 1531 hier
1345 1503 1466 1532 erz'ahl‘n

133 1538 312 1576 sagenhafte
328 1538 494 1575 Griindung
513 1539 565 1568 der
579 1539 668 1568 Abtei
688 1538 800 1576 (spfiter
811 1539 941 1577 Bistum)
956 1549 1017 1568 von
1029 1542 1136 1576 Lucon
1149 1541 1226 1570 habe
1241 1541 1292 1568 ich
1306 1541 1454 1570 Genauere

133 1578 219 1606 m'cht
238 1587 275 1606 zu
294 1577 394 1606 finden
407 1579 574 1613 vermocht;
596 1579 754 1613 Matium,
776 1579 909 1608 Annales
923 1580 946 1614 Ι,
969 1578 1026 1608 567
1043 1601 1069 1617 „.
1085 1599 1092 1606 .
1107 1600 1114 1606 .
1129 1581 1248 1616 praeter
1262 1579 1466 1612 Gemeticense

133 1617 270 1646 Herense
301 1619 330 1645 et
359 1617 577 1651 Quinciacense
608 1619 699 1646 etiam
728 1619 907 1646 coenobium
931 1620 1122 1647 Lucionense
1152 1620 1273 1647 sanctae
1304 1619 1419 1649 Mariae
1446 1620 1479 1647 in

133 1655 321 1691 Pictonibus,
337 1656 421 1692 cujus
437 1657 582 1693 originem
599 1656 716 1685 Lucio
733 1657 879 1686 cuidam
894 1658 1099 1694 imperiali
1113 1658 1222 1686 tribuit
1235 1657 1478 1696 chronographus·

132 1694 339 1723 Malliacensis
361 1697 475 1723 rexisse
495 1692 605 1724 fertur“
626 1694 840 1731 (Philibertus).
878 1696 970 1724 Nicht
989 1697 1073 1724 mehr
1093 1696 1178 1724 weiss
1199 1696 1247 1724 die
1270 1696 1372 1725 Gallia
1393 1696 1479 1725 Chri-

131 1734 235 1762 stiana
253 1733 293 1770 Π,
317 1731 401 1768 1404,
423 1734 472 1762 <lie
493 1734 570 1762 doeh
591 1737 676 1762 sonst
696 1734 880 1762 ausfiihrlich
901 1744 940 1763 zu
960 1736 1025 1763 sein
1045 1735 1144 1772 pfleg‘t.

455 1873 501 1906 65.
544 1875 577 1906 ln
598 1874 898 1909 commemoratione
919 1875 1154 1909 Defuiictorulu.

546 1961 575 1991 1.
606 1957 669 1990 Pro
696 1957 821 1990 cunctis
846 1955 999 1990 fidelibus

605 2006 643 2038 ln
668 2009 703 2039 te
727 2006 969 2047 quiescentibus

653 2054 701 2088 Te
725 2063 909 2097 precamur,
935 2054 1084 2093 Domine.

131 2129 195 2162 ⁴2a.
221 2127 270 2161 Ut
294 2136 407 2160 eorum
431 2127 556 2162 animas

219 2176 251 2209 A
276 2176 447 2209 tormentis
472 2176 598 2209 adimas

265 2225 406 2266 Emptas
431 2228 487 2257 tuo
512 2224 678 2266 sanguine.

132 2300 190 2333 32.
217 2297 293 2331 Non
318 2298 494 2335 secundum
518 2297 637 2330 merita

216 2347 351 2382 Judices
376 2346 568 2390 praeterita,

264 2395 330 2430 Sed
359 2396 401 2429 da
425 2396 531 2429 locum
561 2394 684 2429 veniae.

835 2127 896 2163 2b.
917 2127 1080 2161 Miserere
1102 2126 1243 2167 miseris,

919 2177 1006 2210 Dum
1028 2176 1131 2216 judex
1156 2176 1330 2209 adveneris

968 2224 1090 2257 Stricto
1116 2224 1175 2257 sub
1202 2225 1360 2258 examine.

835 2298 899 2332 3b.
923 2298 1002 2332 Plus
1029 2301 1079 2330 est
1103 2297 1286 2331 necessaria

919 2346 997 2380 Reis
1021 2346 1226 2387 indulgentia

968 2395 1070 2435 Quam
1096 2395 1184 2437 rigor
1205 2395 1363 2437 justitiae.
