1652 2678
795 121 1036 157 —32.‚.

255 241 337 274 loa.
364 238 447 278 Ave,
478 235 601 275 Joseph
628 234 703 266 dum
730 233 892 273 precatur,
957 226 1040 261 lob.
1058 225 1140 263 Ave,
1167 228 1282 253 sanum
1308 218 1499 250 sublevatur

361 285 454 319 Hora
477 283 664 324 vespertina
690 281 786 313 datur
1064 271 1201 303 Sacrum
1226 276 1272 308 os,
1297 268 1336 298 ut
1358 266 1588 319 lex-testatur,

413 333 537 374 Corpus
563 332 653 371 Jesu,
678 328 799 362 Maria.
1113 317 1202 358 Agni
1227 315 1316 356 Jesu,
1342 313 1461 347 Mana.

258 394 338 428 lla.
365 392 447 431 Ave,
470 391 556 422 latus
581 388 758 422 lanceatur,
958 376 1042 414 111).
1065 378 1148 417 Ave,
1175 383 1250 407 sera
1274 373 1308 405 vi
1333 371 1466 404 honoris

364 439 480 472 Manat
504 436 634 476 sanguis
660 437 693 466 et
719 434 850 464 curatur
1066 423 1186 458 Condit
1211 430 1329 462 eorpus
1355 418 1574 459 redemptoris

365 486 483 520 Mundi
498 484 641 521 morbus,
664 490 726 522 quo
744 481 898 521 gravatur
1064 471 1272 513 Magdalena,
1300 467 1365 501 fert
1396 466 1515 500 amoris

413 534 527 567 Dulcis
553 531 658 566 Jesus,
685 528 804 561 Maria.
1114 520 1235 553 Munus
1261 519 1350 557 Jesu,
1377 515 1497 548 Maria.

259 596 339 630 1222,
367 593 449 631 Ave,
475 589 572 622 stella
598 586 767 627 matutina,
959 580 1043 616 12b.
1065 580 1150 618 Ave,
1174 576 1273 618 jubar
1299 575 1394 607 aulae
1421 573 1504 613 diae,

366 640 466 672 Porta
491 636 597 669 fracta
620 634 791 676 tartarina,
1069 627 1201 661 sociata
1225 632 1312 657 nune
1335 622 1479 656 Messiae

364 686 473 727 Surgit
499 684 658 717 scandens
684 683 741 715 lux
768 681 879 714 divina
1065 676 1187 709 Trinae
1211 672 1340 714 fulgens
1366 670 1557 705 {lerarchiae

368 735 464 768 Coelo
490 733 621 765 mittens
646 731 834 771 vespertina
1067 724 1136 757 Nos
1160 721 1321 756 inscribas
1345 721 1416 753 irae
1442 719 1496 751 die

414 782 510 815 Dona
534 780 640 821 Jesus,
666 779 785 813 Maria.
1114 772 1216 805 Libro
1242 770 1332 810 Jesu,
1358 768 1478 802 Maria.

338 869 422 897 Cant.
444 877 498 896 ms.
512 868 697 903 Togurinum
711 873 788 893 saec.
806 863 850 892 11).
867 863 947 901 Cgm.
963 863 1136 890 Monacens.
1152 856 1217 886 716.
1239 872 1278 876 —
1297 856 1383 884 MeL:
1407 855 1498 883 Salve
1511 856 1606 882 mater

258 909 423 939 Salvatoris
461 907 523 935 dan
535 916 553 934 Ἰι·
573 906 718 942 Sequenz.

696 1004 741 1033 97.
784 1002 826 1034 De
848 1000 1068 1042 compassione
1089 996 1178 1029 Bmv.

261 1092 322 1125 la,
349 1087 539 1122 Castitatem
564 1086 668 1118 lilium
963 1081 1023 1116 lb.
1049 1079 1179 1112 Candor
1205 1078 1259 1110 hio
1283 1079 1316 1109 et
1340 1076 1456 1108 merito

392 1135 507 1176 Signat
528 1143 589 1175 per
614 1133 789 1167 candorem
1097 1127 1176 1161 Cum
1202 1128 1281 1159 nota
1304 1125 1434 1157 ruboris

345 1184 436 1217 Sicut
459 1187 492 1216 et
516 1182 707 1223 martyrium
1049 1177 1216 1209 Monstrat
1241 1174 1334 1215 quasi
1361 1173 1463 1215 digito

391 1232 478 1265 Rosa
504 1239 564 1272 per
589 1230 751 1262 ruborem.
1097 1224 1240 1258 Matrem
1265 1222 1449 1256 salvatoris.

263 1296 320 1327 2a.
348 1290 433 1323 Nam
459 1289 571 1330 prodit
596 1298 616 1320 a
640 1288 709 1320 lilio
965 1285 1025 1319 2b.
1051 1283 1284 1323 competenter
1306 1281 1406 1322 igitur

398 1338 528 1371 Candor
551 1336 730 1378 pudicitiae
1098 1331 1179 1364 Tam
1205 1339 1281 1363 rosa
1306 1338 1403 1370 quam
1427 1329 1531 1361 lilium

346 1387 390 1420 Et
415 1396 435 1419 a
459 1395 556 1427 passo
580 1384 648 1417 filio
1050 1379 1173 1413 Christi
1197 1381 1304 1411 mater
1330 1378 1450 1411 dieitur

396 1434 508 1468 Rubor
532 1433 720 1475 patientiae.
1098 1428 1145 1461 Et
1169 1431 1219 1460 ost
1244 1427 1274 1459 ei
1299 1427 1479 1468 proprium.

265 1498 322 1530 Sa.
351 1493 480 1527 Candor
506 1494 556 1524 est
581 1491 722 1524 ostensio
965 1490 1024 1524 310.
1047 1487 1130 1528 Ejus
1157 1486 1242 1519 enim
1268 1485 1408 1518 animam

394 1540 573 1582 Virginalis
599 1540 723 1582 gremii,
1098 1534 1317 1569 Pertransivit
1341 1534 1482 1576 giadius,

343 1590 456 1623 Rubor
484 1588 669 1622 recordatio
1045 1585 1133 1618 Dum
1158 1593 1195 1616 se
1219 1582 1382 1624 praebens
1407 1583 1572 1615 victimam

394 1638 558 1672 Passionis
583 1636 653 1670 filii.
1098 1634 1218 1667 Passus
1244 1630 1306 1664 fuit
1329 1630 1427 1665 filius.

264 1701 321 1733 4a.
349 1697 395 1730 Et
419 1697 467 1728 sic
489 1699 527 1728 ut
551 1698 602 1728 est
625 1696 687 1727 lilii
966 1693 1025 1727 4b.
1050 1692 1139 1732 Quae
1163 1700 1222 1724 nos
1249 1689 1338 1731 apud
1362 1688 1467 1722 filium

397 1745 496 1778 Flore
522 1744 686 1785 decorata,
1099 1740 1152 1773 Ita
1173 1738 1427 1776 recommendet,

347 1793 413 1827 Sub
439 1794 530 1835 signo
555 1793 705 1834 martyrii
1051 1789 1097 1823 Ut
1123 1789 1264 1822 coeleste
1289 1787 1444 1830 gaudium

397 1842 503 1875 Rosae
530 1845 726 1882 comparata.
1099 1837 1204 1871 Nobis
1231 1847 1270 1870 ac
1291 1837 1400 1870 lumen
1428 1836 1495 1869 det.

342 1928 427 1957 Miss.
453 1929 654 1957 Ambianense
679 1930 751 1965 imp.
777 1927 938 1965 Rotomagi
966 1925 1050 1956 1506.
1081 1926 1114 1953 A.
1142 1940 1180 1944 —
1204 1926 1290 1953 Miss.
1312 1925 1515 1953 Ambianense
1540 1925 1611 1960 imp.

262 1968 390 1997 Parisiis
413 1965 497 1995 1529.
519 1968 552 1996 B.
574 1983 612 1987 —
632 1967 684 1999 4a.
707 1966 722 1996 1
743 1968 786 1996 Et
805 1969 850 1996 sic
870 1969 916 1995 est:
935 1967 997 1995 AB.

741 2098 788 2129 98.
830 2098 874 2129 De
897 2097 1026 2130 Gaussiis
1048 2097 1137 2128 BMV.

679 2181 710 2215 1.
737 2179 863 2220 Regina
889 2180 1063 2218 coelorum,
1090 2179 1207 2220 gaude,

735 2228 856 2260 Inclita
881 2228 1014 2260 coelesti
1038 2228 1149 2263 laude.

267 2288 325 2320 22.
354 2285 478 2325 Gaude,
506 2295 632 2328 gemma
657 2286 775 2326 lucida,
968 2286 1028 2319 2b.
1052 2285 1144 2320 Coeli
1173 2290 1270 2328 porta
1295 2285 1434 2327 fulg-ida,

354 2332 480 2374 Gaude,
504 2335 585 2367 coeli
608 2336 719 2375 janua,
1052 2334 1128 2367 Sola
1153 2338 1190 2367 tu
1216 2335 1306 2369 salus
1331 2335 1438 2373 unica,

402 2382 531 2414 Lueens
554 2386 592 2417 ut
615 2383 696 2423 lilia,
1102 2383 1128 2416 Ο
1154 2383 1268 2417 mundi
1294 2382 1434 2423 domina,

403 2429 541 2463 Florens
567 2440 652 2464 rosa.
1102 2431 1153 2463 Tu
1183 2440 1242 2464 nos
1269 2431 1370 2465 salva.
