1652 2678
182 201 241 234 92.

159 308 241 342 102.

160 414 240 449 lla.

159 667 243 700 122.

160 821 243 855 13a.

158 976 240 1009 14a.

268 200 346 233 Tibi
372 202 479 235 earnis

266 249 485 291 impendimus
510 252 670 292 militiam,

268 307 356 340 Hine
380 318 456 342 mox
477 310 634 350 jubentur

272 356 437 400 decimari,

268 414 385 447 Illuxit
411 415 492 456 dies,

270 472 366 503 quam
392 463 485 496 dedit
509 464 676 505 Dominus,

268 510 350 544 Suos
375 510 490 545 fideles

269 559 312 592 ad
339 560 420 593 coeli
445 561 554 594 lumen

269 616 309 640 ex
334 609 448 642 mundi
473 609 616 642 tenebris
642 609 761 641 vocari.

272 666 366 706 Quod
391 667 502 700 taliter

270 715 394 747 ordinis
418 715 540 747 deserti

271 763 389 795 erescit
413 772 577 804 numerus,

270 819 423 853 Laudent
447 821 554 862 simul,

267 868 413 901 homines
439 872 489 902 tot

267 917 310 949 ad
336 917 442 950 coelos
469 918 624 959 evolasse,

266 974 313 1006 Et
335 983 395 1007 nos
421 975 474 1008 die
498 975 562 1008 ista

271 1031 452 1064 exoramus,

266 1073 303 1102 ut
327 1080 388 1111 per
412 1073 445 1103 te

268 1119 433 1160 propitius
458 1120 580 1160 veniat,

793 103 864 140 263
916 124 959 128 —

881 203 941 237 ab.

859 309 942 343 iob.

860 415 933 449 11b

861 666 905 699 12
913 666 945 700 b.

861 820 944 854 131).

861 975 944 1009 1410.

570 1178 626 1212 15.
653 1176 722 1209 Nos
747 1177 846 1219 regio,

653 1234 716 1265 qua
743 1225 823 1257 dant,
846 1225 960 1258 laudes

652 1273 742 1305 chori
769 1273 929 1306 coelorum
955 1275 1113 1315 regnanti.

962 203 1034 236 Deo
1055 204 1167 235 nostro

965 251 1137 293 spirituum
1162 250 1366 285 munditiam.

966 310 1083 343 Omnes
1113 317 1176 342 non
1203 308 1323 341 cedunt

966 357 1179 398 exstirpandi.

966 416 1184 448 Maximianus

964 473 1039 497 nam
1061 463 1159 505 ¹jussit
1183 464 1312 504 impius,

968 512 1235 546 Christicolarum

967 569 1002 593 se
1025 560 1247 601 spernentium

966 612 1015 641 tot
1038 609 1129 641 milia
1153 609 1225 640 neci
1250 609 1345 642 simul
1369 610 1452 644 duri.

966 666 1094 699 Favent
1120 666 1217 699 etiam

969 715 1130 748 elementa
1153 715 1266 748 mundi

969 763 1241 804 complaudentia.

967 821 1194 862 Subsequendi

969 879 1005 910 sp
1010 878 1060 901 em
1083 869 1240 902 habentes

969 918 1097 950 telluris
1122 917 1306 959 indigenae.

968 975 1114 1017 Mauriti,
1141 975 1298 1008 Dominus

967 1027 1064 1064 atque
1087 1023 1181 1056 nobis

967 1070 1090 1104 fautrix
1114 1072 1196 1105 haee

967 1120 1063 1161 legio,
1089 1129 1152 1161 quo
1178 1120 1287 1160 capiat

236 1358 673 1388 Cod.Pa1at.Vincl0bonens.
702 1356 786 1387 1580.
815 1367 892 1387 saec.
922 1357 966 1387 12.
988 1375 1025 1379 ——
1048 1358 1106 1396 3a,
1137 1359 1154 1386 7
1183 1359 1361 1388 cohaeredes
1383 1361 1424 1388 Hs
1459 1376 1500 1380 —-

156 1397 210 1433 41),
233 1395 251 1426 3
272 1399 413 1434 agoniam
433 1399 491 1427 Hs.
517 1415 551 1419 —-
571 1397 621 1433 52,
644 1395 662 1425 2
683 1406 702 1424 a
721 1397 796 1425 fehlt
814 1398 870 1426 Hs.
893 1414 930 1418 —
951 1396 1002 1433 61),
1027 1397 1042 1426 1
1065 1399 1089 1428 O
1111 1398 1190 1435 quod
1210 1399 1265 1427 Hs.
1280 1398 1384 1429 —7a.
1405 1398 1423 1426 ⁴2
1443 1400 1501 1427 hae

158 1439 191 1465 in
212 1436 261 1464 die
278 1437 334 1465 Hs.
354 1452 394 1456 -—
416 1434 484 1471 122,
509 1435 526 1464 2
548 1437 667 1466 ordines
688 1437 744 1465 Hs.
765 1452 804 1456 —
826 1434 895 1472 132,
918 1435 934 1465 1
954 1438 1045 1466 simul
1066 1438 1197 1475 erganzt.
1219 1453 1256 1457 —
1280 1436 1350 1473 1412,
1376 1437 1390 1466 1
1412 1439 1497 1466 Mau-

155 1476 220 1504 ritii
241 1475 299 1504 Hs.
320 1490 358 1494 —
384 1473 447 1504 14a
466 1476 528 1504 und
549 1477 567 1505 b
588 1476 692 1504 bilden
711 1477 767 1503 mit
787 1473 831 1512 15,
853 1474 867 1503 1
888 1485 945 1504 nur
965 1478 1033 1505 eine
1052 1476 1179 1505 Klausel
1200 1477 1233 1504 in
1254 1476 1305 1505 der
1325 1477 1371 1505 Hs

159 1701 216 1734 la.

159 1858 215 1890 Za.

157 2014 214 2047 3a.

155 2171 216 2203 4a.

154 2326 211 2360 5a.

615 1608 685 1641 348.
726 1608 771 1640 De
792 1609 901 1640 saneto
922 1608 1042 1640 Mauro.

243 1699 352 1731 Adest
376 1700 446 1732 dies
472 1701 668 1740 veneranda,

244 1747 325 1780 Dies
350 1748 444 1780 melis
472 1749 657 1782 decoranda

290 1796 335 1829 Et
362 1797 524 1829 camoenis
552 1797 711 1838 dulcibus,

244 1854 338 1887 Haeo
371 1857 420 1887 est
447 1855 517 1887 dies
542 1864 672 1896 semper
697 1858 799 1897 grata,

242 1903 352 1937 Patris
374 1903 485 1937 Mauri
508 1906 697 1937 consecrata

292 1952 391 1985 Dulei
416 1952 609 1995 patrocinio,

243 2011 381 2044 Sanctus
408 2011 493 2044 enim
519 2011 583 2044 Dei
607 2011 754 2051 Maurus,

862 1700 920 1734 1b.

862 1854 921 1888 2b.

862 2010 921 2045 3b.

242 2060 343 2100 Quem
369 2060 526 2093 victorem
555 2060 669 2094 mundi
690 2060 802 2093 laurus

292 2108 435 2142 Coronat
459 2109 493 2141 in
518 2109 638 2151 specie,

246 2167 395 2201 Christus
417 2176 477 2200 nos
499 2167 595 2208 J'ubet
619 2167 743 2209 videre,

240 2216 377 2249 Maurus
404 2225 535 2257 semper
559 2217 645 2250 vidit
667 2224 746 2248 vere

287 2265 341 2298 Ab
368 2265 600 2307 adolescentia,

241 2324 328 2357 Puer
350 2324 436 2356 enim
463 2324 656 2366 duodennis,

238 2373 307 2414 Quo
332 2372 371 2406 fit
390 2374 459 2406 dies
485 2373 540 2406 hic
565 2373 708 2407 solennis

288 2422 404 2464 Coepit
429 2422 535 2456 Deum
562 2423 680 2464 colere,

862 2167 921 2203 4b.

864 2324 922 2359 5b.

943 1701 983 1733 In
1007 1700 1070 1732 hae
1093 1699 1146 1733 die
1170 1700 1280 1739 pulset
1305 1700 1411 1732 caelos

946 1749 1185 1783 Concordatum
1213 1748 1307 1780 dulce
1325 1749 1427 1781 melos

992 1797 1079 1838 Vita,
1106 1804 1196 1839 voce,
1222 1797 1376 1830 moribus.

944 1855 1088 1888 Plaudat
1112 1863 1187 1895 ergo
1210 1857 1322 1887 noster
1347 1855 1478 1901 ehorus7

945 1903 1047 1936 Totus
1071 1904 1174 1936 laetus
1201 1907 1234 1936 et,
1261 1903 1396 1936 decorus

995 1951 1157 1986 Concordi
1183 1952 1340 1992 tripudio.

943 2010 1146 2051 Deponendo
1173 2011 1279 2042 carnis
1304 2011 1420 2044 molem

948 2060 1079 2094 Clarum
1104 2059 1195 2092 sidus
1220 2068 1320 2100 supra
1343 2061 1444 2092 solem

996 2108 1093 2141 Felix
1118 2107 1248 2140 scandit
1271 2108 1379 2141 hodie.

944 2167 1031 2200 Dum
1058 2166 1217 2209 cognovit,
1243 2167 1364 2199 malum
1390 2168 1489 2207 cavit,

945 2216 992 2249 Et
1015 2216 1154 2249 virtutes
1180 2215 1346 2249 adamavit

994 2265 1105 2306 Atque
1129 2265 1255 2305 sprevit
1278 2265 1368 2301 vitia.

943 2323 1144 2357 Benedictus
1169 2323 1286 2356 timens
1309 2323 1415 2357 Deum

947 2373 1061 2406 Nutrit
1086 2376 1184 2413 atque
1208 2373 1303 2406 docet
1328 2382 1401 2406 eum

993 2422 1129 2464 Semper
1150 2425 1239 2454 reete
1265 2422 1386 2455 vivere.
