1652 2678
778 110 1018 147 -74—

311 210 429 239 Prosar.
454 219 508 238 ms.
531 210 763 238 Laudunense
751 216 827 237 aec
850 205 896 235 12.
918 206 988 235 Cod.
1009 205 1200 234 Laudunens.
1221 202 1287 233 263.
1303 206 1338 232 A.
1352 205 1494 233 —Grad.
1513 214 1571 233 ms.

234 248 430 285 Sangallense
451 247 517 278 383.
542 257 618 277 5..aec
641 246 687 276 13.
701 248 735 275 B.
750 262 786 267 -—
801 247 886 275 Miss.
906 255 960 273 ms.
976 244 1154 273 Secoviense
1168 251 1245 271 saec.
1262 242 1307 271 14.
1323 243 1394 271 Cod.
1409 244 1568 272 Graecens.

228 285 295 315 456.
317 287 348 316 C.
373 303 410 308 ——
430 288 549 316 Prosar.
570 287 760 315 Franciscan.
784 294 862 314 saec.
892 283 937 312 14.
960 283 1030 311 Cod.
1051 283 1214 310 Parisiens.
1242 280 1327 311 1339.
1348 283 1386 310 D.
1407 297 1447 303 —-
1467 280 1526 317 lb,
1547 280 1569 310 2

228 325 270 362 Sp
273 327 376 355 ecialis
398 327 474 355 cella
493 327 527 355 Β.
549 340 587 344 —-
607 323 660 359 2b,
683 322 701 352 3
722 324 888 352 Salvator-is
909 323 1000 350 unica
1018 320 1077 349 BC.
1099 335 1137 340 -
1150 319 1201 355 4a,
1223 318 1241 347 2
1255 321 1328 350 Sine
1347 324 1443 350 matre
1455 320 1515 349 BC.
1529 336 1569 341 -

228 363 284 398 53,
313 364 328 393 1
358 365 383 393 Ο
411 365 559 402 stupenda
580 364 612 392 G.
634 379 673 384 —-
693 362 752 396 512,
775 362 789 391 1
813 362 838 388 Ο
867 370 955 398 quam
981 362 1058 388 mira
1079 359 1111 388 C.
1132 375 1170 379 —
1191 358 1246 395 63,
1269 358 1287 389 3
1309 360 1371 389 Sua
1396 369 1451 388 nos
1474 357 1506 387 C.
1530 375 1567 378 —

230 402 284 438 6b,
306 401 325 432 3
346 404 469 432 coelesti
490 404 587 441 gloria
608 402 641 430 B.

644 532 692 564 87.
732 531 765 563 111
788 531 1040 563 Annuntiatione
1060 530 1150 562 mlv.

230 625 286 658 13.
312 624 457 658 Verbum
482 622 581 656 verbo
606 623 805 666 incarnatur,
927 622 986 656 lb.
1009 621 1135 663 Sponso
1161 631 1281 662 sponsa
1307 622 1495 663 collocatur,

311 672 398 705 Dum
422 672 532 705 Maria
556 673 717 704 salutatur
1010 670 1079 703 Pax
1104 670 1138 702 in
1162 673 1253 703 terra
1277 669 1474 704 reformatur

359 722 391 753 A
421 720 535 753 salutis
562 719 689 760 bajulo(
1058 719 1220 752 Universo
1246 720 1377 761 populo.

227 779 283 811 23.
310 778 479 819 virginale
501 777 692 818 gravidatur
926 777 985 812 ab.
1009 777 1126 810 Totum
1147 776 1236 809 Deus
1262 782 1428 818 operatur,

313 827 507 868 Claustrum,
533 826 629 857 nimis
657 825 838 859 admiratur
1010 825 1065 858 Sic
1089 826 1234 859 breviter
1253 827 1459 867 persolvatur

359 874 528 907 Naturalis
553 874 683 916 regula3
1056 874 1126 907 Ista
1148 875 1401 915 quaestiuncula.

228 934 285 966 311.
311 932 415 974 Virgo
440 935 553 965 sancta
577 935 611 964 te
635 934 788 972 precatur
924 931 982 967 3b.
1006 932 1053 965 Ut
1078 932 1121 964 ad
1146 940 1280 973 regnum
1305 934 1514 975 perducatur,

313 981 402 1014 Grex
426 981 489 1021 hic,
515 983 551 1012 ut
577 980 768 1013 exaudiatur
1006 980 1044 1013 In
1072 989 1134 1021 quo
1162 980 1296 1022 quisque
1321 981 1524 1022 praeditatur

358 1030 440 1070 Ejus
467 1028 663 1069 deprecatio,
1055 1028 1175 1062 Divino
1203 1029 1344 1062 denario.

308 1116 380 1144 Cod.
401 1116 577 1144 Ebroicens.
604 1113 654 1151 (ol.
675 1115 804 1150 Lirens.)
829 1115 874 1144 17.
897 1124 973 1144 saec.
996 1113 1041 1143 12.
1065 1115 1131 1143 add.
1154 1123 1230 1144 saec.
1253 1114 1324 1145 1²13.
1347 1131 1384 1136 —
1404 1116 1463 1144 Mit
1481 1116 1563 1150 Mel„

225 1154 337 1183 welche
358 1155 411 1183 clas
431 1154 507 1183 Lied
527 1154 571 1182 als
594 1154 728 1190 Sequenz
750 1154 1001 1183 eharakterisiert.

643 1298 690 1328 88.
731 1297 766 1329 ln
786 1297 1036 1330 Annuntiatione
1056 1297 1143 1329 Bali.

231 1389 289 1422 1a.
316 1389 563 1429 Paranymphus
928 1389 988 1423 lb.
1009 1389 1095 1422 Novi
1121 1390 1234 1429 partus

359 1437 481 1469 salutat
505 1437 663 1478 virginem
1059 1437 1234 1478 adsignans
1262 1437 1420 1470 ordinem.

227 1496 282 1527 2a.
310 1494 373 1535 En,
398 1495 514 1536 inquit,
541 1495 703 1536 concipies
926 1497 984 1530 ab.
1007 1496 1080 1529 Jam
1103 1498 1282 1536 praeventa
1306 1494 1411 1536 gratia

311 1543 550 1584 Parvulumque
574 1545 682 1585 paries
1010 1544 1075 1578 Sed
1102 1544 1144 1577 de
1168 1543 1264 1577 modo
1292 1544 1391 1577 dubia

312 1591 383 1625 Nec
410 1592 546 1633 pudoris
572 1593 692 1624 senties
1012 1593 1146 1633 Quaerit
1170 1592 1219 1624 rei
1243 1592 1354 1625 nescia

356 1641 559 1674 Laesionem.
1057 1642 1240 1674 Rationem.

225 1700 282 1732 33.
310 1699 335 1733 O
357 1699 476 1739 Maria,
503 1708 545 1731 ne
570 1698 737 1740 formides,
926 1700 985 1734 3b.
1011 1700 1036 1733 Ο
1062 1699 1183 1740 Maria,
1210 1698 1255 1732 sis
1280 1708 1405 1739 secura,

309 1747 436 1781 Praebe
460 1746 569 1789 fidem,
598 1748 672 1789 quia
695 1747 777 1781 fides
1009 1748 1100 1780 Nutu
1125 1747 1189 1781 Dei
1214 1748 1364 1788 paritura

358 1797 481 1830 Potens
506 1797 540 1828 in
566 1797 627 1829 hoc
653 1805 762 1837 opere.
1058 1796 1135 1829 Sine
1156 1796 1220 1829 viri
1244 1795 1389 1830 foedere.

220 1855 285 1887 4a.
314 1855 457 1887 Verbum
484 1855 574 1887 carni
595 1855 743 1896 jungitur
925 1856 984 1890 4b.
1009 1856 1034 1889 O
1061 1855 1211 1888 miranda
1235 1855 1374 1895 novitas,

358 1903 503 1944 Virginis
528 1903 563 1935 in
588 1907 691 1945 utero,
1061 1904 1086 1938 Ο
1113 1903 1197 1936 mira
1224 1903 1379 1945 dignatio,

311 1951 382 1984 Nec
406 1955 525 1985 natura
548 1953 676 1985 tollitur
1010 1953 1102 1993 Quod
1130 1955 1298 1986 contracta
1325 1953 1429 1985 deitas

359 2000 464 2033 Unius
491 2001 532 2033 ab
559 2002 673 2035 altero.
1059 2001 1155 2034 Jacet
1177 2001 1212 2033 in
1236 2001 1421 2042 praesepio.

226 2059 284 2090 5a.
312 2059 337 2091 Ο
363 2067 446 2099 puer
470 2059 611 2101 sapiens,
927 2060 985 2094 5b.
1010 2060 1079 2092 Nos
1102 2060 1191 2100 juva,
1218 2069 1278 2093 nos
1304 2068 1391 2101 rege,

313 2107 338 2140 Ο
364 2106 497 2139 verbum
525 2108 669 2149 vagiens,
1010 2108 1079 2141 Nos
1105 2108 1206 2140 verbo
1227 2112 1375 2151 protege,

360 2156 385 2189 O
409 2156 564 2196 majestas
590 2156 730 2200 humilis,
1058 2157 1163 2190 Nobis
1190 2166 1287 2191 carne
1312 2158 1438 2191 similis.

223 2212 283 2244 63.
314 2213 338 2246 Ο
364 2213 484 2254 Maria,
510 2216 615 2246 mater
640 2213 713 2255 Dei,
927 2216 987 2251 6b.
1012 2216 1091 2250 Jesu
1113 2216 1178 2257 pie,
1205 2215 1285 2250 Jesu
1310 2216 1417 2255 fortis,

311 2261 376 2301 Spe
397 2262 562 2302 respirant
586 2262 621 2294 in
646 2265 679 2294 te
704 2264 763 2304 rei,
1012 2265 1089 2298 Jesu
1114 2267 1247 2298 nostrae
1273 2267 1338 2300 dux
1362 2266 1517 2310 cohortis,

309 2308 359 2341 Tu
375 2313 449 2349 post
463 2310 627 2344 Christum
647 2314 779 2344 nostrae
796 2313 867 2353 spei
1011 2315 1081 2347 Fac
1106 2323 1165 2346 nos
1192 2322 1263 2346 esse
1287 2317 1363 2346 tuae
1388 2314 1486 2347 sortis

357 2357 507 2391 Fiducia.
1063 2363 1101 2394 In
1126 2361 1230 2402 gloria

684 2418 715 2450 8.
743 2418 833 2451 Tuae
858 2419 972 2453 matris
997 2420 1112 2461 gratia.
