1652 2678
765 120 1026 155 —136-

244 220 301 252 ἔδει.
329 218 395 252 Sed
418 219 547 260 placato
573 220 723 260 praesule
937 216 995 250 9b.
1018 217 1083 249 Per
1108 224 1202 257 quem
1226 214 1289 247 Dei
1313 213 1397 246 filius

325 268 436 309 Preoe,
462 269 596 309 planctu
620 268 748 300 vetulae
1020 263 1124 296 Nobis
1150 263 1195 295 sit
1217 262 1378 303 propitius

375 316 468 348 Salus
495 317 590 349 datur
614 315 770 356 pristina3
1069 312 1192 345 Nostra
1218 310 1329 344 delens
1356 310 1501 345 crimina..

318 383 402 410 Miss.
422 390 476 409 ms·
498 381 669 410 Morinense
690 388 766 409 saec.
791 377 836 407 16.
861 379 932 408 Cod.
954 378 1167 406 Audomarens.
1188 374 1255 406 215.

660 487 723 519 179.
765 487 808 518 De
830 487 938 518 sancto
961 485 1148 517 Andomaro.

244 561 299 594 la.
327 559 538 593 Fluctuantes
562 568 622 600 per
646 559 709 591 hoc
732 566 832 599 mare,
938 557 997 591 ib.
1021 556 1073 590 Ne
1097 566 1155 590 nos
1182 557 1290 589 hostes
1317 559 1348 588 et
1374 557 1501 597 piratae

329 608 447 641 Sancte
471 608 603 649 praesul
627 607 824 646 Andomare‚
1021 605 1242 647 Conquassata
1266 605 1338 646 spei
1362 607 1433 637 rate

372 657 450 689 Tuis
474 657 565 689 salva
592 656 755 697 precibus,
1068 654 1269 694 Demergant
1292 654 1326 686 in
1351 651 1511 686 fiuctibus.

241 716 296 749 Za.
324 715 414 747 Sicut
437 714 513 747 olim
542 723 617 747 oves
640 714 762 748 Christi
936 712 995 746 2b.
1021 712 1075 746 Sic
1090 714 1176 746 hunc
1193 721 1331 754 gregem,
1352 714 1464 752 pastor
1478 712 1571 752 bone,

324 764 393 796 Tuo
421 763 520 795 ductu
547 762 694 795 direxisti
1020 761 1060 794 In
1085 762 1231 793 vivorum
1255 761 1387 802 regione

370 812 424 844 Ad
452 812 605 845 coelestes
631 820 778 851 pascuas.
1067 810 1236 843 Victuram
1262 810 1448 842 constituas.

241 871 298 904 321.
324 871 374 903 Tu
398 870 511 902 relicto
537 870 640 910 patris
662 871 742 911 lare,
936 868 995 902 310.
1019 867 1074 900 Sic
1101 868 1144 901 ad
1169 867 1300 908 plenum
1327 867 1475 899 elimatus

324 918 420 951 Felix
446 919 547 961 exsul,
575 919 724 958 regulare
1020 915 1106 949 Satis
1129 916 1225 957 digne
1249 917 1454 957 praesulatus

372 966 494 999 Subisti
526 966 730 1009 coenobium;
1070 964 1296 999 conscendisti
1321 964 1446 997 solium.

239 1027 300 1059 4a.
329 1025 540 1058 Gratulentur
564 1024 648 1057 votis
673 1025 789 1065 plenis,
935 1022 994 1056 4b.
1019 1022 1043 1055 O
1069 1022 1181 1055 felices
1205 1023 1284 1056 illae
1309 1022 1433 1063 plebeS,

327 1074 388 1114 Qui
414 1073 454 1106 de
477 1074 575 1105 terris
600 1072 714 1105 alienis
1019 1071 1140 1112 Quibus
1161 1073 1293 1104 nostrae
1316 1071 1388 1111 spei
1411 1070 1501 1103 lebes

373 1122 512 1154 Tantum
537 1121 660 1154 habent
685 1121 837 1162 exsulem,
1067 1120 1181 1153 Talem
1213 1119 1306 1153 dedit
1329 1120 1523 1160 praesulem.

240 1182 295 1213 5a.
323 1181 404 1219 Ave,
431 1182 527 1219 pater
551 1180 740 1223 reverende,
935 1178 994 1212 5b.
1020 1178 1067 1211 Te
1093 1179 1227 1211 ductore
1251 1179 1299 1211 sic
1323 1187 1484 1220 regamur,

321 1228 402 1260 Veni
428 1228 567 1260 clemens
595 1230 626 1259 et
650 1228 783 1260 intende
1019 1226 1111 1267 Quod
1142 1227 1266 1259 directe
1290 1226 1477 1268 gradiamur

370 1276 484 1317 Gregis
510 1277 552 1309 ad
578 1275 776 1318 subsidium3
1065 1276 1120 1308 Ad
1145 1284 1288 1315 perenne
1313 1275 1475 1316 gaudium.

313 1344 398 1371 Miss.
422 1351 476 1371 ms.
499 1343 709 1371 Cameracense
732 1351 809 1370 saec.
833 1340 877 1371 14.
899 1342 969 1370 (jod.
993 1341 1195 1372 Cameracens.
1217 1339 1281 1370 123.

661 1442 725 1474 180.
765 1440 809 1473 De
830 1444 939 1474 sancto
954 1442 1143 1482 Augustino.

688 1515 703 1546 1
711 1541 719 1548 .
747 1514 967 1554 Supernorum
993 1514 1110 1547 civium

238 1572 295 1605 Za.
321 1571 428 1604 Laudi
453 1574 629 1604 consonent
653 1572 777 1613 laudes,
933 1572 994 1605 2b.
1021 1571 1196 1606 Celebrans
1219 1571 1403 1613 Augustini,

319 1629 413 1661 quam
439 1619 533 1652 offert
557 1619 654 1652 hodie
1019 1622 1123 1661 patris
1150 1620 1354 1663 sanctissimi,

322 1671 430 1701 coetus
456 1668 620 1709 ecclesiae,
1018 1668 1147 1702 felicem
1172 1670 1356 1703 transitum.

238 1728 294 1760 3a.
321 1727 388 1768 Quo
413 1727 531 1760 transit
557 1735 596 1758 ex
619 1726 683 1759 isto
934 1727 993 1762 3b.
1015 1728 1220 1761 Multimodis
1245 1736 1322 1769 rege

322 1776 450 1808 saeculo
476 1785 533 1808 ceu
561 1775 601 1808 de
625 1777 787 1818 Aegypto,
1017 1776 1145 1810 Niliaco
1170 1777 1275 1818 plagis
1302 1778 1453 1809 attrecto.

238 1834 294 1866 4a.
321 1834 406 1866 Nam
430 1835 523 1876 virga
548 1834 615 1874 ejus
933 1834 992 1869 4b.
1017 1834 1096 1868 Cum
1121 1836 1310 1876 serpentina

322 1883 430 1924 virgas
455 1883 622 1916 absorbuit
1019 1885 1087 1925 ejus
1112 1884 1288 1925 prudentia

320 1940 496 1972 magorum,
1022 1933 1173 1974 dogmata

323 1981 575 2013 dementantium
600 1984 804 2021 regnatorem
1017 1980 1199 2015 annullaxit
1233 1990 1337 2022 prava
1362 1980 1573 2013 schismatum

321 2029 567 2069 Aegyptiacum,
1016 2038 1077 2061 nec
1101 2038 1165 2061 non
1190 2029 1371 2064 haeresum.

240 2087 295 2119 δα.
321 2086 386 2119 Hic
406 2087 643 2128 Aegyptiorum
935 2086 994 2120 5b.
1017 2086 1102 2119 Dum
1130 2087 1220 2128 quasi
1250 2088 1393 2123 divinam

321 2144 422 2175 aquas
446 2135 480 2168 in
503 2135 691 2175 sanguinem
1020 2136 1178 2168 culturam
1205 2136 1395 2170 daemonum

321 2185 518 2216 convertisse
543 2184 755 2224 cognoscitur,
1019 2185 1244 2225 comprobavit
1267 2184 1480 2220 mortiferam.

242 2241 298 2274 6a.
325 2241 447 2274 Multas
473 2242 585 2282 plagas
935 2241 993 2274 6b.
1017 2242 1134 2276 Israeli

322 2289 356 2321 in
381 2290 525 2331 Aegypti
1021 2292 1222 2325 exhortando

321 2336 444 2370 fecerat
467 2338 631 2381 populum,
1020 2339 1113 2373 dedit
1135 2339 1291 2375 fiduciam

321 2386 453 2418 1srae1is
1017 2389 1209 2428 possidendi

319 2434 551 2468 adversarium.
1018 2438 1141 2469 terram
1166 2438 1368 2477 promissam.
