1652 2678
750 98 1017 136 —138—

913 196 971 230 5b.
994 195 1019 228 O
1048 193 1162 225 doctor
1188 191 1326 231 egregie,

999 242 1089 275 Tuae
1114 240 1159 272 sis
1186 238 1331 271 familiae

996 289 1097 330 Apud
1121 288 1229 329 ipsum
1245 288 1360 320 veniae

1044 338 1251 377 Impetrator.

216 201 272 233 5a.
300 199 337 231 In
363 200 498 240 perenni
523 199 635 240 requie

301 247 459 280 Revelata
483 246 568 280 facie

299 295 438 328 Manens
461 297 548 337 regis
574 295 696 336 gloriae

352 344 604 384 Contemplator.

292 410 361 438 Pros
369 419 410 438 ar.
434 418 488 437 ma.
508 407 735 438 marchianense
756 415 833 434 saec.
856 404 901 434 15.
923 406 994 434 Cod.
1014 405 1164 434 Duacens.
1187 400 1252 431 123.

621 508 684 540 182.
726 508 769 540 De
790 508 901 540 saneta
922 506 1144 539 Austreherta.

622 581 653 613 1.
679 580 881 613 Hodiernum
908 579 1042 620 virginis

679 628 813 661 Festum
840 628 944 668 dignis
968 627 1094 670 gaudiis

730 676 866 710 Recolat
890 677 1035 709 ecclesia.

217 737 272 769 23.
299 734 405 775 Hujus
433 734 517 766 diem
545 734 679 775 virginis
913 734 972 767 21).
996 734 1063 773 Quo
1091 733 1309 773 contemptrix
1334 733 1454 765 saeculi

300 782 463 823 Splendor
487 784 557 816 veri
582 783 712 815 luminis
995 781 1091 815 Vires
1117 781 1216 822 fregit
1240 781 1348 814 zabuli

347 833 412 866 Sua
435 831 555 864 lustrat
580 832 694 876 gratia,
1045 831 1176 862 Potenti
1200 830 1347 862 victoria.

220 892 276 924 3a.
303 889 384 930 Ejus
410 887 472 922 fuit
499 889 618 930 meriti,
914 888 972 922 312.
994 887 1091 921 More
1118 888 1194 920 dum
1218 886 1399 920 infantulae

302 939 394 977 Quod
420 938 568 971 velamen
592 938 692 978 capiti
996 935 1154 970 Umbram
1180 944 1258 967 suae
1274 935 1434 968 formulae

351 986 415 1019 Suo
442 990 603 1027 comptum
630 989 787 1023 cerneret,
1044 985 1085 1018 In
1110 993 1195 1025 aqua
1219 985 1429 1025 conspiceret.

217 1046 278 1078 4a.
306 1044 331 1077 O
357 1044 446 1077 beati
472 1045 566 1088 oculi,
914 1043 974 1077 4b.
996 1043 1063 1076 Res
1090 1042 1238 1075 effectum
1263 1042 1386 1079 habuit,

302 1092 363 1132 Qut
387 1093 471 1125 tanti
495 1092 644 1126 miraculi
998 1090 1084 1124 Nam
1110 1090 1196 1132 quod
1220 1090 1337 1123 umbra
1362 1090 1481 1133 docuit,

351 1140 514 1174 Viderunt
539 1140 691 1174 sublimia
1046 1139 1108 1171 Est
1133 1140 1167 1171 in
1192 1138 1285 1171 brevi
1309 1139 1448 1171 termino

351 1190 415 1222 Per
442 1189 606 1222 Christum
630 1188 790 1229 prodigia.
1049 1188 1248 1222 consecrata
1272 1187 1421 1220 Domino.

219 1251 275 1282 53.
302 1246 397 1279 Hanc
421 1247 473 1278 vir
499 1248 604 1280 clarus
915 1246 973 1280 5b.
998 1247 1086 1287 Quae
1110 1254 1299 1286 magnorum

304 1295 511 1328 Audomarus
1001 1293 1197 1327 Meritorum

351 1343 547 1377 Informavit
1047 1343 1151 1376 Plena
1175 1340 1269 1375 fulsit

351 1392 398 1424 Et
420 1393 561 1424 sacravit
1048 1390 1094 1423 Et
1118 1390 1256 1423 indulsit

399 1440 463 1473 Dei
490 1440 619 1481 dignam
643 1441 759 1481 gratia,
1098 1438 1241 1472 Infirmis
1266 1438 1393 1474 solatia.

222 1500 277 1533 63.
306 1498 331 1531 Ο
356 1498 491 1538 insignis
514 1498 740 1537 Austreberta,
916 1498 976 1532 6b.
1000 1498 1104 1531 Tuam
1130 1500 1268 1541 gentem,
1296 1501 1372 1530 tuae
1396 1497 1487 1530 laudi

303 1546 485 1587 Margarita
511 1555 544 1579 es
569 1549 701 1586 reperta
998 1547 1243 1584 Attendentem‚
1271 1547 1412 1578 clemens
1437 1545 1515 1579 audi

354 1595 469 1636 Nuper
491 1595 527 1627 in
552 1595 699 1638 ecclesia,
1049 1595 1190 1628 Poscens
1216 1595 1304 1627 vitae
1328 1595 1483 1636 praemia.

223 1656 280 1688 73.
305 1654 344 1686 In
372 1652 536 1686 fornacem
562 1656 595 1685 te
619 1653 767 1694 ingressa
918 1653 978 1686 71).
1003 1653 1102 1693 Cujus
1127 1662 1218 1686 oram
1244 1653 1428 1686 vestimenti

222 1859 278 1892 8a.

304 1701 473 1734 Flammae
497 1702 600 1734 virtus
628 1705 677 1733 est
694 1709 854 1741 repressa,

356 1750 434 1783 Cum
460 1750 586 1792 signum
612 1750 716 1783 crucis
734 1748 859 1782 faceres

354 1799 538 1839 Pannisque
562 1809 684 1840 prunas
709 1802 846 1839 tegeres,

307 1857 332 1890 O
358 1857 465 1899 beata,
493 1866 511 1890 o
541 1857 692 1898 benigna,

303 1905 529 1945 Austreberta,
556 1906 654 1939 laude
681 1906 788 1947 digna,

353 1954 454 1995 Apud
479 1963 588 1996 regem

355 2003 519 2036 Christum
545 2011 672 2045 gregem

402 2050 560 2084 Nostrum
584 2050 769 2089 reconcilia,

917 1858 977 1891 8b.

998 1702 1062 1736 Vis
1086 1711 1152 1734 non
1176 1701 1259 1734 ussit
1286 1702 1447 1736 elementi.

1052 1752 1083 1783 A
1109 1749 1243 1783 fornace
1266 1750 1376 1783 infera

1050 1799 1119 1832 Nos
1145 1803 1202 1832 tua
1225 1808 1325 1840 prece
1349 1799 1463 1832 libera.

1000 1858 1049 1892 Ut
1073 1861 1213 1898 patrona
1236 1860 1270 1890 te
1297 1857 1408 1891 confisi

1001 1907 1056 1940 Ad
1081 1915 1219 1939 amoena
1241 1907 1388 1947 paradisi

1050 1954 1146 1988 Scala
1170 1964 1305 1996 precum

1050 2003 1180 2036 lntrent
1203 2006 1311 2036 tecum

1100 2052 1214 2094 Longa
1238 2055 1315 2093 post
1341 2053 1465 2086 exsilia.

297 2118 383 2146 Miss.
406 2127 460 2146 ms.
479 2118 653 2146 Morinense
672 2126 749 2146 saec.
772 2114 817 2144 16.
838 2116 909 2145 Cod.
935 2117 1142 2146 Audomarens.
1164 2116 1232 2146 215.
1252 2134 1291 2138 —
1309 2119 1380 2147 Mel.
1402 2121 1563 2150 :selbstver-

221 2155 382 2184 standlich:
402 2156 494 2185 Mane
512 2158 610 2194 prima
629 2155 763 2184 Sabbati-

626 2249 689 2282 183.
722 2249 766 2282 De
787 2252 896 2282 saneto
917 2250 1147 2291 Austregiselo.

655 2314 684 2346 1.
709 2312 807 2346 Plebs
832 2311 939 2345 fidelis
966 2313 1101 2346 concine

713 2361 793 2395 Cum
814 2361 958 2401 jucundo
985 2362 1129 2396 carmine

762 2409 893 2442 Laudes
918 2410 1140 2451 Austregisili‚
