1652 2678
174 198 222 231 422

175 355 222 385 5a

175 507 230 542 6a.

178 659 233 692 7a.

175 814 232 846 8a.

174 1017 230 1051 9a.

151 1221 234 1254 loa.

151 1422 230 1457 lla.

151 1626 231 1660 12a.

152 1832 230 1864 13a.

679 96 945 132 -144-

225 225 232 232 .
261 197 428 231 Crucifixit
453 197 516 230 sibi
540 196 706 236 mundum,

257 247 304 281 Ut
329 255 364 278 se
382 255 500 287 purum
516 249 613 285 atque
628 243 785 275 mundum

306 294 459 327 Servaret
487 304 508 327 a.
530 293 638 333 vitiis,

225 378 232 386 .
258 354 346 386 Ante
370 352 582 392 prophetatus

255 402 357 441 Quam
381 399 494 432 fuisset
521 402 624 432 natus*

308 448 384 488 Quis
409 446 537 479 futurus
561 447 665 483 fieret,

258 506 423 539 Zelantem
449 504 489 536 ob
511 512 564 535 res
591 502 717 535 divinas

257 554 377 587 Contra
400 555 508 592 pestes
533 551 679 582 leoninas

302 601 349 634 Et
372 604 517 632 monstra
541 598 749 630 schismatica

261 659 316 691 Sic
339 662 496 699 tyrannos
524 655 734 696 refraenavit,

254 707 407 740 Inimicos
434 705 658 746 complacavit,

303 755 434 787 Delevit
462 754 652 796 discordias,

262 813 382 846 Christi
405 812 541 845 verbum
566 811 747 843 seminabat

304 862 425 902 Regnis
451 864 482 892 et
507 860 694 901 provinciis.

256 910 348 950 Quod
373 910 492 950 ubique
515 909 690 941 roborabat

303 958 411 999 Signis
441 961 473 989 et
497 957 666 998 prodigiis.

256 1016 421 1049 Martham
439 1016 568 1056 quidem
586 1018 683 1055 atque
690 1014 785 1047 Liam

304 1064 431 1097 Sanctis
458 1064 621 1105 complens
646 1063 773 1095 actibus

258 1114 338 1146 Plus
362 1112 537 1146 Rachelem
563 1116 594 1144 et
618 1112 761 1144 Mariam

305 1162 404 1194 Fovit
426 1161 543 1193 mentis
568 1160 702 1192 viribus.

263 1219 519 1254 Charismatibus
542 1219 664 1259 politae

255 1269 432 1309 Tamquam
457 1276 531 1299 vero
558 1266 745 1299 coenobitae

256 1317 336 1349 Fuit
360 1317 390 1348 ei
414 1319 508 1348 tenor
532 1316 620 1348 vitae

306 1365 471 1396 Virtutum
494 1362 653 1405 perfectio

257 1423 331 1456 Lux
355 1423 521 1455 tractandi
543 1425 610 1454 tam
639 1422 786 1454 sublimis
845 1422 887 1455 11
896 1421 930 1456 b.

302 1471 399 1504 Hune
422 1471 572 1511 implevit
597 1471 741 1511 coelitus,

260 1520 352 1559 Quod
377 1520 425 1552 sic
448 1519 636 1552 orthodoxis
661 1519 775 1559 primis

306 1569 518 1609 Adaequatur
545 1568 686 1600 inclitus.

257 1627 336 1659 Flos
362 1626 478 1666 famae,
505 1625 688 1663 facundiae,

257 1676 399 1716 Morum,
426 1676 548 1716 stirpis,
576 1676 710 1718 gratiae,

255 1725 405 1768 Formae,
430 1724 609 1765 sapientiae

305 1773 460 1806 Sanctum
483 1772 670 1806 illustrabat

259 1832 283 1865 O
310 1840 403 1864 sacer
428 1831 551 1864 athleta
577 1830 708 1863 Christi.

258 1880 341 1920 Quos
371 1881 405 1912 in
433 1879 560 1913 Christo
586 1880 736 1921 genuisti,

257 1929 324 1969 Quo
350 1929 464 1961 beatus
488 1928 641 1970 introisti,

305 1978 435 2011 Perduc
459 1978 502 2010 ad
526 1977 683 2018 palatium

867 194 927 228 4b.

869 347 927 380 5b.

868 500 927 534 61).

868 655 928 690 Tb.

867 810 927 844 8b.

869 1014 928 1048 9b.

844 1218 928 1251 iob.

847 1625 932 1659 lab.

848 1833 930 1867 13b.

950 193 1067 225 Totum
1092 192 1162 224 lDeo
1187 201 1225 225 se
1250 192 1370 225 dicuat

950 241 996 273 Et
1020 249 1056 272 se
1079 240 1187 280 ipsum
1211 239 1390 273 victimas-it

999 287 1138 329 Jugibus
1161 288 1340 328 marty-riis.

951 348 1033 380 Post
1056 346 1177 378 effulsit.
1199 346 1287 378 talis.

951 395 998 428 Ut
1023 404 1043 426 a
1066 394 1129 426 viis
1152 394 1246 426 malis

998 443 1160 475 Plurimos
1187 445 1400 475 converteret.

952 501 1055 533 Istum
1080 500 1182 532 sensit
1207 498 1383 532 salutarem

951 548 997 581 Et
1024 549 1204 580 columnam
1229 549 1424 590 singularem

1000 596 1102 629 Sedes
1128 597 1318 637 apostolica.

949 655 1083 696 Hydros
1107 656 1199 687 ‘trivit
1223 661 1432 697 emergentes,

951 704 1059 737 Vulsit
1084 704 1234 736 haereses
1260 709 1418 739 recentes,

997 753 1140 785 Peremit
1165 753 1394 793 blasphemias.

950 811 1052 844 Novis
1077 811 1188 843 orbem
1213 811 1393 844 adornabat

999 859 1082 892 Late
1108 860 1312 892 monasteriis

950 908 996 940 Et
1020 908 1168 948 supernis
1192 908 1398 941 corruscabat

1001 955 1106 996 Saepe
1129 957 1302 989 vaticiniis.

951 1014 1038 1046 Dum
1063 1023 1123 1054 pro
1150 1015 1255 1045 causis
1280 1014 1453 1054 cogebatur

999 1062 1063 1094 Vix
1089 1062 1178 1094 exire
1201 1062 1363 1102 gravibus,

950 1111 1078 1152 Jugiter
1101 1110 1306 1151 sigillabatur

1002 1160 1066 1194 Cor
1086 1159 1146 1191 sub
1174 1159 1308 1190 claustri
1332 1158 1467 1199 legibus.

952 1218 1089 1258 Semper
1113 1226 1184 1249 sese
1211 1216 1412 1257 deprimebat

951 1266 1099 1299 Summos
1124 1266 1246 1306 gradus
1272 1264 1427 1308 fugiebat,

951 1315 1074 1355 Ampla
1100 1323 1194 1355 quem
1220 1318 1268 1347 tot
1295 1314 1435 1354 eligebat

1000 1363 1140 1396 Urbium
1166 1363 1306 1395 devotio.

951 1422 1146 1462 Regularem
1171 1430 1293 1461 paraus
1319 1421 1435 1453 callem

1002 1470 1181 1503 salvatoris
1205 1469 1358 1511 gregibus

953 1518 1083 1552 Claram
1107 1528 1199 1551 suam
1222 1517 1300 1550 feeit
1327 1519 1444 1551 vallem

1002 1568 1074 1601 ‘viis
1095 1567 1307 1608 spiritalibus.

954 1626 1070 1659 Abbas
1093 1627 1128 1658 in
1153 1624 1271 1658 officiis

953 1675 1041 1716 Vigil
1065 1674 1100 1707 in
1127 1675 1284 1707 custodiis

955 1723 1087 1757 Crebris
1111 1722 1278 1756 beneficiis

1000 1773 1124 1805 Multos
1150 1772 1325 1805 hilarabat.

955 1831 1003 1864 Et
1027 1832 1186 1864 ecclesiae
1209 1831 1310 1863 totius

955 1880 1051 1913 Filiis
1075 1889 1230 1912 succurre
1253 1881 1338 1921 pius,

953 1929 1003 1962 Ut
1025 1929 1076 1960 his
1104 1928 1261 1964 Christus.
1289 1938 1349 1961 rex
1371 1928 1471 1972 illius,

1003 1977 1071 2010 Det
1095 1979 1236 2010 coeleste
1261 1978 1451 2018 praemium.

227 2063 297 2092 Cod.
318 2073 374 2091 ms.
389 2065 547 2092 Trecensis
566 2063 616 2095 (ol.
632 2063 876 2094 Claraevallens.)
897 2061 964 2091 215.
985 2071 1062 2091 saec.
1085 2061 1166 2095 12³3:
1189 2064 1298 2093 daraus
1319 2065 1352 2092 in
1366 2065 1485 2100 Lalore,

148 2100 289 2138 Reliques
310 2102 361 2130 des
381 2104 455 2130 trois
474 2102 636 2130 tombeaux
655 2102 750 2129 <airus
771 2102 808 2130 de
830 2102 1002 2130 Clairvaux.
1041 2103 1156 2138 Troyes
1179 2101 1254 2130 1³77
1274 2113 1303 2141 p.
1324 2104 1436 2135 XXH‘.

154 2316 211 2349 la.

601 2233 666 2265 190.

237 2316 304 2350 Uni
329 2317 424 2349 simul
449 2320 546 2357 atque
569 2316 655 2348 trino

234 2365 305 2398 Deo
332 2365 443 2397 demus
466 2365 502 2397 in
526 2365 660 2397 Bertino

282 2412 413 2446 Laudes
439 2416 471 2445 et
494 2413 675 2454 magnalia:

707 2234 752 2266 De
772 2236 880 2267 saneto
901 2235 1042 2270 Bertim).

848 2316 906 2350 lb.
930 2318 1017 2350 Puer
1041 2319 1134 2354 annis
1160 2328 1346 2359 generosus,

930 2365 997 2398 Sed
1020 2376 1101 2407 prae
1126 2367 1251 2399 eunctis
1277 2367 1437 2407 gloriosus

978 2414 1169 2450 Sanoffitatis
1193 2415 1309 2454 gratia„
