<?xml version="1.0" encoding="UTF-8"?>
<!DOCTYPE html PUBLIC "-//W3C//DTD XHTML 1.0 Transitional//EN"
    "http://www.w3.org/TR/xhtml1/DTD/xhtml1-transitional.dtd">
<html xmlns="http://www.w3.org/1999/xhtml" xml:lang="en" lang="en">
 <head>
  <title>
</title>
<meta http-equiv="Content-Type" content="text/html;charset=utf-8" />
  <meta name='ocr-system' content='tesseract 3.04.00' />
  <meta name='ocr-capabilities' content='ocr_page ocr_carea ocr_par ocr_line ocrx_word'/>
</head>
<body>
  <div class='ocr_page' id='page_1' title='image "./analectahymnica10drevuoft_00091.png"; bbox 0 0 1652 2678; ppageno 0'>
   <div class='ocr_carea' id='block_1_1' title="bbox 769 92 1013 127">
    <p class='ocr_par' dir='ltr' id='par_1_1' title="bbox 769 92 1013 127">
     <span class='ocr_line' id='line_1_1' title="bbox 769 92 1013 127; baseline -0.004 -9"><span class='ocrx_word' id='word_1_1' title='bbox 769 92 1013 127; x_wconf 44' lang='lat' dir='ltr'>—ggffl</span> 
     </span>
    </p>
   </div>
   <div class='ocr_carea' id='block_1_2' title="bbox 218 187 1349 226">
    <p class='ocr_par' dir='ltr' id='par_1_2' title="bbox 218 187 1349 226">
     <span class='ocr_line' id='line_1_2' title="bbox 218 187 1349 226; baseline -0.006 -1"><span class='ocrx_word' id='word_1_2' title='bbox 218 194 277 226; x_wconf 84' lang='lat' dir='ltr'>4a.</span> <span class='ocrx_word' id='word_1_3' title='bbox 305 191 456 224; x_wconf 87' lang='lat' dir='ltr'>Candore</span> <span class='ocrx_word' id='word_1_4' title='bbox 480 192 649 225; x_wconf 77' lang='lat' dir='ltr'>munditia,</span> <span class='ocrx_word' id='word_1_5' title='bbox 921 190 982 225; x_wconf 75' lang='grc'>41).</span> <span class='ocrx_word' id='word_1_6' title='bbox 1002 187 1174 222; x_wconf 82' lang='lat' dir='ltr'>Frondosa</span> <span class='ocrx_word' id='word_1_7' title='bbox 1199 187 1349 219; x_wconf 79' lang='lat' dir='ltr'>viriditas</span> 
     </span>
    </p>
   </div>
   <div class='ocr_carea' id='block_1_3' title="bbox 217 235 1452 482">
    <p class='ocr_par' dir='ltr' id='par_1_3' title="bbox 217 235 1452 482">
     <span class='ocr_line' id='line_1_3' title="bbox 302 235 1365 280; baseline -0.006 -8"><span class='ocrx_word' id='word_1_8' title='bbox 302 238 430 272; x_wconf 77' lang='lat' dir='ltr'>Decore</span> <span class='ocrx_word' id='word_1_9' title='bbox 454 240 628 280; x_wconf 84' lang='lat' dir='ltr'>prudentia</span> <span class='ocrx_word' id='word_1_10' title='bbox 1005 236 1095 269; x_wconf 82' lang='lat' dir='ltr'>Mira</span> <span class='ocrx_word' id='word_1_11' title='bbox 1121 238 1170 267; x_wconf 86' lang='lat' dir='ltr'>est</span> <span class='ocrx_word' id='word_1_12' title='bbox 1195 235 1365 276; x_wconf 78' lang='lat' dir='ltr'>integritas</span> 
     </span>
     <span class='ocr_line' id='line_1_4' title="bbox 352 283 1401 328; baseline -0.005 -8"><span class='ocrx_word' id='word_1_13' title='bbox 352 287 530 328; x_wconf 87' lang='lat' dir='ltr'>Figuratur</span> <span class='ocrx_word' id='word_1_14' title='bbox 554 296 662 320; x_wconf 83' lang='lat' dir='ltr'>aureo.</span> <span class='ocrx_word' id='word_1_15' title='bbox 1054 285 1093 317; x_wconf 91' lang='lat' dir='ltr'>In</span> <span class='ocrx_word' id='word_1_16' title='bbox 1120 283 1219 315; x_wconf 84' lang='lat' dir='ltr'>eorde</span> <span class='ocrx_word' id='word_1_17' title='bbox 1244 283 1401 324; x_wconf 74' lang='lat' dir='ltr'>virgineo.</span> 
     </span>
     <span class='ocr_line' id='line_1_5' title="bbox 217 340 1440 388; baseline -0.006 -10"><span class='ocrx_word' id='word_1_18' title='bbox 217 348 278 379; x_wconf 75' lang='lat' dir='ltr'>5a.</span> <span class='ocrx_word' id='word_1_19' title='bbox 306 345 405 386; x_wconf 88' lang='lat' dir='ltr'>Virgo</span> <span class='ocrx_word' id='word_1_20' title='bbox 431 346 637 388; x_wconf 83' lang='lat' dir='ltr'>venerabilis,</span> <span class='ocrx_word' id='word_1_21' title='bbox 922 343 982 378; x_wconf 87' lang='lat' dir='ltr'>5b.</span> <span class='ocrx_word' id='word_1_22' title='bbox 1004 343 1074 376; x_wconf 81' lang='lat' dir='ltr'>Fae</span> <span class='ocrx_word' id='word_1_23' title='bbox 1098 350 1158 373; x_wconf 86' lang='lat' dir='ltr'>nos</span> <span class='ocrx_word' id='word_1_24' title='bbox 1185 349 1255 373; x_wconf 86' lang='lat' dir='ltr'>esse</span> <span class='ocrx_word' id='word_1_25' title='bbox 1283 340 1440 374; x_wconf 81' lang='lat' dir='ltr'>candidos</span> 
     </span>
     <span class='ocr_line' id='line_1_6' title="bbox 302 388 1452 430; baseline -0.005 -4"><span class='ocrx_word' id='word_1_26' title='bbox 302 394 382 427; x_wconf 86' lang='lat' dir='ltr'>Flos</span> <span class='ocrx_word' id='word_1_27' title='bbox 406 393 683 426; x_wconf 86' lang='lat' dir='ltr'>immarcessibilis</span> <span class='ocrx_word' id='word_1_28' title='bbox 1004 390 1049 422; x_wconf 87' lang='lat' dir='ltr'>Et</span> <span class='ocrx_word' id='word_1_29' title='bbox 1074 398 1136 430; x_wconf 82' lang='lat' dir='ltr'>per</span> <span class='ocrx_word' id='word_1_30' title='bbox 1160 398 1273 421; x_wconf 88' lang='lat' dir='ltr'>aurum</span> <span class='ocrx_word' id='word_1_31' title='bbox 1298 388 1452 430; x_wconf 82' lang='lat' dir='ltr'>fulgidos.</span> 
     </span>
     <span class='ocr_line' id='line_1_7' title="bbox 353 437 1448 482; baseline -0.003 -8"><span class='ocrx_word' id='word_1_32' title='bbox 353 441 466 474; x_wconf 80' lang='lat' dir='ltr'>Carnis</span> <span class='ocrx_word' id='word_1_33' title='bbox 492 450 552 482; x_wconf 84' lang='lat' dir='ltr'>per</span> <span class='ocrx_word' id='word_1_34' title='bbox 576 440 779 480; x_wconf 80' lang='lat' dir='ltr'>munditiam,</span> <span class='ocrx_word' id='word_1_35' title='bbox 1054 438 1187 470; x_wconf 84' lang='lat' dir='ltr'>Virides</span> <span class='ocrx_word' id='word_1_36' title='bbox 1213 446 1274 478; x_wconf 85' lang='lat' dir='ltr'>per</span> <span class='ocrx_word' id='word_1_37' title='bbox 1298 437 1448 478; x_wconf 81' lang='lat' dir='ltr'>gratiam.</span> 
     </span>
    </p>
   </div>
   <div class='ocr_carea' id='block_1_4' title="bbox 297 512 1435 551">
    <p class='ocr_par' dir='ltr' id='par_1_4' title="bbox 297 512 1435 551">
     <span class='ocr_line' id='line_1_8' title="bbox 297 512 1435 551; baseline -0.005 -6"><span class='ocrx_word' id='word_1_38' title='bbox 297 517 368 545; x_wconf 80' lang='lat' dir='ltr'>Cod-</span> <span class='ocrx_word' id='word_1_39' title='bbox 391 516 553 544; x_wconf 76' lang='lat' dir='ltr'>Parisiens.</span> <span class='ocrx_word' id='word_1_40' title='bbox 575 514 651 544; x_wconf 78' lang='lat'><strong>36:39</strong></span> <span class='ocrx_word' id='word_1_41' title='bbox 673 523 750 543; x_wconf 78' lang='lat' dir='ltr'>saec.</span> <span class='ocrx_word' id='word_1_42' title='bbox 775 512 852 543; x_wconf 51' lang='lat'>1⁵¹1&amp;</span> <span class='ocrx_word' id='word_1_43' title='bbox 895 515 991 543; x_wconf 86' lang='lat' dir='ltr'>Unter</span> <span class='ocrx_word' id='word_1_44' title='bbox 1012 514 1095 541; x_wconf 85' lang='lat' dir='ltr'>einer</span> <span class='ocrx_word' id='word_1_45' title='bbox 1115 512 1292 551; x_wconf 82' lang='lat' dir='ltr'>Sammlung</span> <span class='ocrx_word' id='word_1_46' title='bbox 1311 514 1435 542; x_wconf 77' lang='lat' dir='ltr'>Prosen.</span> 
     </span>
    </p>
   </div>
   <div class='ocr_carea' id='block_1_5' title="bbox 661 635 1109 669">
    <p class='ocr_par' dir='ltr' id='par_1_5' title="bbox 661 635 1109 669">
     <span class='ocr_line' id='line_1_9' title="bbox 661 635 1109 669; baseline -0.002 -1"><span class='ocrx_word' id='word_1_47' title='bbox 661 636 724 669; x_wconf 74' lang='lat'>108.</span> <span class='ocrx_word' id='word_1_48' title='bbox 765 637 808 669; x_wconf 85' lang='lat' dir='ltr'>De</span> <span class='ocrx_word' id='word_1_49' title='bbox 830 637 928 669; x_wconf 84' lang='lat' dir='ltr'>beata.</span> <span class='ocrx_word' id='word_1_50' title='bbox 947 635 1048 669; x_wconf 77' lang='lat' dir='ltr'>]Iaria</span> <span class='ocrx_word' id='word_1_51' title='bbox 1073 636 1109 667; x_wconf 78' lang='lat' dir='ltr'>V.</span> 
     </span>
    </p>
   </div>
   <div class='ocr_carea' id='block_1_6' title="bbox 212 716 1568 1553">
    <p class='ocr_par' dir='ltr' id='par_1_6' title="bbox 219 716 1423 806">
     <span class='ocr_line' id='line_1_10' title="bbox 219 716 1384 759; baseline -0.002 -7"><span class='ocrx_word' id='word_1_52' title='bbox 219 719 278 753; x_wconf 73' lang='lat' dir='ltr'>la.</span> <span class='ocrx_word' id='word_1_53' title='bbox 306 717 398 751; x_wconf 81' lang='lat' dir='ltr'>Sicut</span> <span class='ocrx_word' id='word_1_54' title='bbox 420 721 551 758; x_wconf 81' lang='lat' dir='ltr'>pratum</span> <span class='ocrx_word' id='word_1_55' title='bbox 576 719 760 759; x_wconf 81' lang='lat' dir='ltr'>picturatur</span> <span class='ocrx_word' id='word_1_56' title='bbox 923 718 982 751; x_wconf 87' lang='lat' dir='ltr'>lb.</span> <span class='ocrx_word' id='word_1_57' title='bbox 1004 716 1115 751; x_wconf 81' lang='lat' dir='ltr'>Mater</span> <span class='ocrx_word' id='word_1_58' title='bbox 1138 717 1200 750; x_wconf 89' lang='lat' dir='ltr'>Dei</span> <span class='ocrx_word' id='word_1_59' title='bbox 1224 716 1384 759; x_wconf 82' lang='lat' dir='ltr'>figuratur</span> 
     </span>
     <span class='ocr_line' id='line_1_11' title="bbox 350 765 1423 806; baseline 0.001 -8"><span class='ocrx_word' id='word_1_60' title='bbox 350 765 395 798; x_wconf 87' lang='lat' dir='ltr'>Et</span> <span class='ocrx_word' id='word_1_61' title='bbox 420 774 480 798; x_wconf 83' lang='lat' dir='ltr'>ver</span> <span class='ocrx_word' id='word_1_62' title='bbox 504 767 591 799; x_wconf 82' lang='lat' dir='ltr'>ve1is</span> <span class='ocrx_word' id='word_1_63' title='bbox 617 765 761 804; x_wconf 83' lang='lat' dir='ltr'>fioribus,</span> <span class='ocrx_word' id='word_1_64' title='bbox 1052 765 1205 806; x_wconf 74' lang='lat' dir='ltr'>Mystieis</span> <span class='ocrx_word' id='word_1_65' title='bbox 1231 765 1423 799; x_wconf 79' lang='lat' dir='ltr'>nominibus,</span> 
     </span>
    </p>

    <p class='ocr_par' dir='ltr' id='par_1_7' title="bbox 214 822 1396 914">
     <span class='ocr_line' id='line_1_12' title="bbox 214 822 1396 865; baseline -0.003 -7"><span class='ocrx_word' id='word_1_66' title='bbox 214 825 275 858; x_wconf 64' lang='lat' dir='ltr'>ssa.</span> <span class='ocrx_word' id='word_1_67' title='bbox 302 822 395 857; x_wconf 79' lang='lat' dir='ltr'>Haec</span> <span class='ocrx_word' id='word_1_68' title='bbox 420 827 469 856; x_wconf 90' lang='lat' dir='ltr'>est</span> <span class='ocrx_word' id='word_1_69' title='bbox 493 827 605 857; x_wconf 86' lang='lat' dir='ltr'>nostra</span> <span class='ocrx_word' id='word_1_70' title='bbox 631 824 819 864; x_wconf 73' lang='lat' dir='ltr'>sunamitis,</span> <span class='ocrx_word' id='word_1_71' title='bbox 920 824 981 857; x_wconf 84' lang='lat' dir='ltr'>2b.</span> <span class='ocrx_word' id='word_1_72' title='bbox 1004 824 1067 856; x_wconf 86' lang='lat' dir='ltr'>Via</span> <span class='ocrx_word' id='word_1_73' title='bbox 1092 824 1189 865; x_wconf 75' lang='lat' dir='ltr'>vitae,</span> <span class='ocrx_word' id='word_1_74' title='bbox 1216 833 1294 857; x_wconf 81' lang='lat' dir='ltr'>vera</span> <span class='ocrx_word' id='word_1_75' title='bbox 1319 824 1396 857; x_wconf 85' lang='lat' dir='ltr'>vitis</span> 
     </span>
     <span class='ocr_line' id='line_1_13' title="bbox 351 871 1370 914; baseline 0.001 -10"><span class='ocrx_word' id='word_1_76' title='bbox 351 871 475 905; x_wconf 85' lang='lat' dir='ltr'>Nostra</span> <span class='ocrx_word' id='word_1_77' title='bbox 498 873 739 914; x_wconf 65' lang='lat' dir='ltr'>tympanistria⁷</span> <span class='ocrx_word' id='word_1_78' title='bbox 1053 872 1097 904; x_wconf 85' lang='lat' dir='ltr'>Et</span> <span class='ocrx_word' id='word_1_79' title='bbox 1124 873 1209 905; x_wconf 83' lang='lat' dir='ltr'>cella</span> <span class='ocrx_word' id='word_1_80' title='bbox 1235 873 1370 906; x_wconf 83' lang='lat' dir='ltr'>vinaria.</span> 
     </span>
    </p>

    <p class='ocr_par' dir='ltr' id='par_1_8' title="bbox 212 929 1434 1013">
     <span class='ocr_line' id='line_1_14' title="bbox 212 929 1434 972; baseline -0.002 -8"><span class='ocrx_word' id='word_1_81' title='bbox 212 932 273 964; x_wconf 63' lang='lat'>351.</span> <span class='ocrx_word' id='word_1_82' title='bbox 301 929 393 963; x_wconf 84' lang='lat' dir='ltr'>Haec</span> <span class='ocrx_word' id='word_1_83' title='bbox 419 933 468 962; x_wconf 87' lang='lat' dir='ltr'>est</span> <span class='ocrx_word' id='word_1_84' title='bbox 492 940 613 971; x_wconf 87' lang='lat' dir='ltr'>sponsa</span> <span class='ocrx_word' id='word_1_85' title='bbox 638 931 830 972; x_wconf 87' lang='lat' dir='ltr'>Salomonis,</span> <span class='ocrx_word' id='word_1_86' title='bbox 920 930 981 964; x_wconf 84' lang='grc'>31).</span> <span class='ocrx_word' id='word_1_87' title='bbox 1005 930 1075 969; x_wconf 77' lang='lat' dir='ltr'>Qua</span> <span class='ocrx_word' id='word_1_88' title='bbox 1100 933 1229 963; x_wconf 75' lang='lat' dir='ltr'>vetusta</span> <span class='ocrx_word' id='word_1_89' title='bbox 1254 930 1434 964; x_wconf 75' lang='lat' dir='ltr'>Pharaonis</span> 
     </span>
     <span class='ocr_line' id='line_1_15' title="bbox 350 978 1399 1013; baseline 0.001 -3"><span class='ocrx_word' id='word_1_90' title='bbox 350 979 594 1011; x_wconf 80' lang='lat' dir='ltr'>Fermentatrix</span> <span class='ocrx_word' id='word_1_91' title='bbox 620 979 751 1013; x_wconf 78' lang='lat' dir='ltr'>femina.</span> <span class='ocrx_word' id='word_1_92' title='bbox 1055 978 1234 1011; x_wconf 83' lang='lat' dir='ltr'>Relevatur</span> <span class='ocrx_word' id='word_1_93' title='bbox 1259 980 1399 1011; x_wconf 81' lang='lat' dir='ltr'>sarcina.</span> 
     </span>
    </p>

    <p class='ocr_par' dir='ltr' id='par_1_9' title="bbox 217 1035 1470 1127">
     <span class='ocr_line' id='line_1_16' title="bbox 217 1035 1470 1081; baseline -0.001 -11"><span class='ocrx_word' id='word_1_94' title='bbox 217 1038 275 1070; x_wconf 83' lang='lat' dir='ltr'>4a.</span> <span class='ocrx_word' id='word_1_95' title='bbox 301 1035 394 1068; x_wconf 82' lang='lat' dir='ltr'>Haeo</span> <span class='ocrx_word' id='word_1_96' title='bbox 418 1036 552 1069; x_wconf 84' lang='lat' dir='ltr'>lucerna</span> <span class='ocrx_word' id='word_1_97' title='bbox 576 1037 733 1078; x_wconf 82' lang='lat' dir='ltr'>paradisi.</span> <span class='ocrx_word' id='word_1_98' title='bbox 921 1036 982 1081; x_wconf 57' lang='grc'>451).</span> <span class='ocrx_word' id='word_1_99' title='bbox 1004 1037 1098 1071; x_wconf 83' lang='lat' dir='ltr'>Haec</span> <span class='ocrx_word' id='word_1_100' title='bbox 1122 1038 1269 1069; x_wconf 79' lang='lat' dir='ltr'>vervecis</span> <span class='ocrx_word' id='word_1_101' title='bbox 1296 1041 1344 1069; x_wconf 85' lang='lat' dir='ltr'>est</span> <span class='ocrx_word' id='word_1_102' title='bbox 1372 1037 1470 1069; x_wconf 82' lang='lat' dir='ltr'>occisi</span> 
     </span>
     <span class='ocr_line' id='line_1_17' title="bbox 350 1084 1386 1127; baseline 0.002 -11"><span class='ocrx_word' id='word_1_103' title='bbox 350 1084 475 1117; x_wconf 83' lang='lat' dir='ltr'>Ostium</span> <span class='ocrx_word' id='word_1_104' title='bbox 502 1088 533 1117; x_wconf 88' lang='lat' dir='ltr'>et</span> <span class='ocrx_word' id='word_1_105' title='bbox 555 1086 667 1126; x_wconf 80' lang='lat' dir='ltr'>janua,</span> <span class='ocrx_word' id='word_1_106' title='bbox 1058 1084 1209 1118; x_wconf 78' lang='lat' dir='ltr'>Genitrix</span> <span class='ocrx_word' id='word_1_107' title='bbox 1234 1086 1386 1127; x_wconf 87' lang='lat' dir='ltr'>ingenua.</span> 
     </span>
    </p>

    <p class='ocr_par' dir='ltr' id='par_1_10' title="bbox 217 1141 1568 1234">
     <span class='ocr_line' id='line_1_18' title="bbox 217 1141 1568 1184; baseline 0 -8"><span class='ocrx_word' id='word_1_108' title='bbox 217 1144 274 1177; x_wconf 83' lang='lat' dir='ltr'>5a.</span> <span class='ocrx_word' id='word_1_109' title='bbox 300 1141 393 1175; x_wconf 82' lang='lat' dir='ltr'>Haeo</span> <span class='ocrx_word' id='word_1_110' title='bbox 418 1145 467 1174; x_wconf 86' lang='lat' dir='ltr'>est</span> <span class='ocrx_word' id='word_1_111' title='bbox 483 1143 583 1184; x_wconf 82' lang='lat' dir='ltr'>scala,</span> <span class='ocrx_word' id='word_1_112' title='bbox 611 1152 672 1184; x_wconf 84' lang='lat' dir='ltr'>qua</span> <span class='ocrx_word' id='word_1_113' title='bbox 692 1143 860 1177; x_wconf 84' lang='lat' dir='ltr'>descendit</span> <span class='ocrx_word' id='word_1_114' title='bbox 921 1143 981 1177; x_wconf 85' lang='lat' dir='ltr'>5b.</span> <span class='ocrx_word' id='word_1_115' title='bbox 1006 1142 1100 1176; x_wconf 81' lang='lat' dir='ltr'>Haec</span> <span class='ocrx_word' id='word_1_116' title='bbox 1117 1145 1166 1175; x_wconf 90' lang='lat' dir='ltr'>est</span> <span class='ocrx_word' id='word_1_117' title='bbox 1185 1143 1275 1184; x_wconf 86' lang='lat' dir='ltr'>litus,</span> <span class='ocrx_word' id='word_1_118' title='bbox 1294 1144 1337 1176; x_wconf 90' lang='lat' dir='ltr'>ad</span> <span class='ocrx_word' id='word_1_119' title='bbox 1355 1143 1442 1183; x_wconf 90' lang='lat' dir='ltr'>quod</span> <span class='ocrx_word' id='word_1_120' title='bbox 1459 1144 1568 1176; x_wconf 75' lang='lat' dir='ltr'>tendit</span> 
     </span>
     <span class='ocr_line' id='line_1_19' title="bbox 352 1190 1493 1234; baseline 0.003 -11"><span class='ocrx_word' id='word_1_121' title='bbox 352 1190 497 1224; x_wconf 87' lang='lat' dir='ltr'>Calciata</span> <span class='ocrx_word' id='word_1_122' title='bbox 523 1191 638 1231; x_wconf 83' lang='lat' dir='ltr'>deitas,</span> <span class='ocrx_word' id='word_1_123' title='bbox 1053 1191 1196 1224; x_wconf 83' lang='lat' dir='ltr'>Nostrae</span> <span class='ocrx_word' id='word_1_124' title='bbox 1218 1193 1313 1225; x_wconf 86' lang='lat' dir='ltr'>molis</span> <span class='ocrx_word' id='word_1_125' title='bbox 1337 1193 1493 1234; x_wconf 82' lang='lat' dir='ltr'>gravitas,</span> 
     </span>
    </p>

    <p class='ocr_par' dir='ltr' id='par_1_11' title="bbox 216 1248 1497 1341">
     <span class='ocr_line' id='line_1_20' title="bbox 216 1248 1497 1291; baseline 0.001 -9"><span class='ocrx_word' id='word_1_126' title='bbox 216 1250 277 1283; x_wconf 39' lang='lat' dir='ltr'>⁷6a.</span> <span class='ocrx_word' id='word_1_127' title='bbox 304 1248 397 1281; x_wconf 80' lang='lat' dir='ltr'>Haec</span> <span class='ocrx_word' id='word_1_128' title='bbox 422 1252 469 1280; x_wconf 88' lang='lat' dir='ltr'>est</span> <span class='ocrx_word' id='word_1_129' title='bbox 494 1250 608 1282; x_wconf 89' lang='lat' dir='ltr'>mundi</span> <span class='ocrx_word' id='word_1_130' title='bbox 632 1249 806 1291; x_wconf 57' lang='lat' dir='ltr'>medicina2</span> <span class='ocrx_word' id='word_1_131' title='bbox 921 1249 980 1283; x_wconf 84' lang='lat' dir='ltr'>6b.</span> <span class='ocrx_word' id='word_1_132' title='bbox 1003 1249 1096 1283; x_wconf 83' lang='lat' dir='ltr'>Haec</span> <span class='ocrx_word' id='word_1_133' title='bbox 1122 1252 1171 1281; x_wconf 89' lang='lat' dir='ltr'>est</span> <span class='ocrx_word' id='word_1_134' title='bbox 1195 1259 1271 1282; x_wconf 85' lang='lat' dir='ltr'>rosa</span> <span class='ocrx_word' id='word_1_135' title='bbox 1295 1251 1366 1283; x_wconf 88' lang='lat' dir='ltr'>sine</span> <span class='ocrx_word' id='word_1_136' title='bbox 1391 1251 1497 1291; x_wconf 84' lang='lat' dir='ltr'>spina⁷</span> 
     </span>
     <span class='ocr_line' id='line_1_21' title="bbox 349 1297 1364 1341; baseline 0.002 -12"><span class='ocrx_word' id='word_1_137' title='bbox 349 1297 467 1329; x_wconf 81' lang='lat' dir='ltr'>Mundi</span> <span class='ocrx_word' id='word_1_138' title='bbox 492 1307 634 1339; x_wconf 79' lang='lat' dir='ltr'>purgans</span> <span class='ocrx_word' id='word_1_139' title='bbox 657 1298 781 1341; x_wconf 83' lang='lat' dir='ltr'>lolium,</span> <span class='ocrx_word' id='word_1_140' title='bbox 1053 1297 1222 1330; x_wconf 78' lang='lat' dir='ltr'>Castitatis</span> <span class='ocrx_word' id='word_1_141' title='bbox 1247 1299 1364 1331; x_wconf 79' lang='lat' dir='ltr'>lilium.</span> 
     </span>
    </p>

    <p class='ocr_par' dir='ltr' id='par_1_12' title="bbox 213 1354 1567 1444">
     <span class='ocr_line' id='line_1_22' title="bbox 213 1354 1567 1398; baseline 0.001 -10"><span class='ocrx_word' id='word_1_142' title='bbox 213 1356 274 1388; x_wconf 67' lang='lat' dir='ltr'>Va.</span> <span class='ocrx_word' id='word_1_143' title='bbox 301 1354 394 1387; x_wconf 84' lang='lat' dir='ltr'>Haec</span> <span class='ocrx_word' id='word_1_144' title='bbox 413 1358 462 1386; x_wconf 85' lang='lat' dir='ltr'>est</span> <span class='ocrx_word' id='word_1_145' title='bbox 482 1356 592 1396; x_wconf 87' lang='lat' dir='ltr'>turris,</span> <span class='ocrx_word' id='word_1_146' title='bbox 612 1364 708 1397; x_wconf 79' lang='lat' dir='ltr'>quam</span> <span class='ocrx_word' id='word_1_147' title='bbox 725 1357 862 1389; x_wconf 82' lang='lat' dir='ltr'>vallavit</span> <span class='ocrx_word' id='word_1_148' title='bbox 921 1356 980 1389; x_wconf 83' lang='grc'>71).</span> <span class='ocrx_word' id='word_1_149' title='bbox 1003 1355 1096 1389; x_wconf 85' lang='lat' dir='ltr'>Haec</span> <span class='ocrx_word' id='word_1_150' title='bbox 1113 1356 1293 1394; x_wconf 82' lang='lat' dir='ltr'>castellum,</span> <span class='ocrx_word' id='word_1_151' title='bbox 1322 1357 1408 1398; x_wconf 86' lang='lat' dir='ltr'>quod</span> <span class='ocrx_word' id='word_1_152' title='bbox 1428 1357 1567 1390; x_wconf 71' lang='lat' dir='ltr'>intravit,</span> 
     </span>
     <span class='ocr_line' id='line_1_23' title="bbox 348 1403 1405 1444; baseline 0.003 -9"><span class='ocrx_word' id='word_1_153' title='bbox 348 1403 545 1443; x_wconf 84' lang='lat' dir='ltr'>Incorrupta</span> <span class='ocrx_word' id='word_1_154' title='bbox 567 1403 716 1444; x_wconf 86' lang='lat' dir='ltr'>firmitas,</span> <span class='ocrx_word' id='word_1_155' title='bbox 1053 1403 1129 1437; x_wconf 89' lang='lat' dir='ltr'>Sola</span> <span class='ocrx_word' id='word_1_156' title='bbox 1155 1405 1249 1437; x_wconf 85' lang='lat' dir='ltr'>verbi</span> <span class='ocrx_word' id='word_1_157' title='bbox 1273 1406 1405 1438; x_wconf 67' lang='lat' dir='ltr'>veritas</span> 
     </span>
    </p>

    <p class='ocr_par' dir='ltr' id='par_1_13' title="bbox 213 1460 1512 1553">
     <span class='ocr_line' id='line_1_24' title="bbox 213 1460 1512 1504; baseline 0.002 -10"><span class='ocrx_word' id='word_1_158' title='bbox 213 1462 274 1496; x_wconf 76' lang='lat' dir='ltr'>Ba.</span> <span class='ocrx_word' id='word_1_159' title='bbox 301 1460 394 1493; x_wconf 83' lang='lat' dir='ltr'>Haec</span> <span class='ocrx_word' id='word_1_160' title='bbox 419 1465 467 1493; x_wconf 82' lang='lat' dir='ltr'>est</span> <span class='ocrx_word' id='word_1_161' title='bbox 491 1462 621 1502; x_wconf 82' lang='lat' dir='ltr'>scirpea</span> <span class='ocrx_word' id='word_1_162' title='bbox 644 1462 770 1495; x_wconf 83' lang='lat' dir='ltr'>fiscella</span> <span class='ocrx_word' id='word_1_163' title='bbox 920 1462 980 1497; x_wconf 86' lang='lat' dir='ltr'>8b.</span> <span class='ocrx_word' id='word_1_164' title='bbox 1003 1463 1096 1496; x_wconf 83' lang='lat' dir='ltr'>Haec</span> <span class='ocrx_word' id='word_1_165' title='bbox 1121 1465 1170 1494; x_wconf 85' lang='lat' dir='ltr'>est</span> <span class='ocrx_word' id='word_1_166' title='bbox 1195 1472 1316 1504; x_wconf 88' lang='lat' dir='ltr'>parens</span> <span class='ocrx_word' id='word_1_167' title='bbox 1343 1466 1375 1496; x_wconf 86' lang='lat' dir='ltr'>et</span> <span class='ocrx_word' id='word_1_168' title='bbox 1400 1464 1512 1504; x_wconf 82' lang='lat' dir='ltr'>puella</span> 
     </span>
     <span class='ocr_line' id='line_1_25' title="bbox 350 1510 1420 1553; baseline 0.004 -12"><span class='ocrx_word' id='word_1_169' title='bbox 350 1510 527 1542; x_wconf 82' lang='lat' dir='ltr'>Parvulum</span> <span class='ocrx_word' id='word_1_170' title='bbox 554 1511 728 1552; x_wconf 81' lang='lat' dir='ltr'>excipiens.</span> <span class='ocrx_word' id='word_1_171' title='bbox 1053 1511 1130 1544; x_wconf 84' lang='lat' dir='ltr'>Sine</span> <span class='ocrx_word' id='word_1_172' title='bbox 1155 1515 1251 1552; x_wconf 83' lang='lat' dir='ltr'>patre</span> <span class='ocrx_word' id='word_1_173' title='bbox 1276 1513 1420 1553; x_wconf 82' lang='lat' dir='ltr'>pariens,</span> 
     </span>
    </p>
   </div>
   <div class='ocr_carea' id='block_1_7' title="bbox 624 1569 1159 1659">
    <p class='ocr_par' dir='ltr' id='par_1_14' title="bbox 624 1569 1159 1659">
     <span class='ocr_line' id='line_1_26' title="bbox 624 1569 1159 1609; baseline -0.004 -6"><span class='ocrx_word' id='word_1_174' title='bbox 624 1571 657 1603; x_wconf 82' lang='lat'>9.</span> <span class='ocrx_word' id='word_1_175' title='bbox 685 1569 764 1602; x_wconf 83' lang='lat' dir='ltr'>Oret</span> <span class='ocrx_word' id='word_1_176' title='bbox 788 1572 899 1602; x_wconf 90' lang='lat' dir='ltr'>natum</span> <span class='ocrx_word' id='word_1_177' title='bbox 926 1570 1027 1601; x_wconf 85' lang='lat' dir='ltr'>maris</span> <span class='ocrx_word' id='word_1_178' title='bbox 1052 1569 1159 1609; x_wconf 83' lang='lat' dir='ltr'>stella,</span> 
     </span>
     <span class='ocr_line' id='line_1_27' title="bbox 729 1616 1126 1659; baseline 0 -9"><span class='ocrx_word' id='word_1_179' title='bbox 729 1616 775 1650; x_wconf 91' lang='lat' dir='ltr'>Ut</span> <span class='ocrx_word' id='word_1_180' title='bbox 798 1618 842 1650; x_wconf 89' lang='lat' dir='ltr'>sit</span> <span class='ocrx_word' id='word_1_181' title='bbox 866 1617 960 1650; x_wconf 88' lang='lat' dir='ltr'>nobis</span> <span class='ocrx_word' id='word_1_182' title='bbox 985 1618 1126 1659; x_wconf 84' lang='lat' dir='ltr'>patiens,</span> 
     </span>
    </p>
   </div>
   <div class='ocr_carea' id='block_1_8' title="bbox 215 1691 1566 1761">
    <p class='ocr_par' dir='ltr' id='par_1_15' title="bbox 215 1691 1566 1761">
     <span class='ocr_line' id='line_1_28' title="bbox 293 1691 1566 1731; baseline 0.003 -11"><span class='ocrx_word' id='word_1_183' title='bbox 293 1692 412 1720; x_wconf 77' lang='lat' dir='ltr'>Prosar.</span> <span class='ocrx_word' id='word_1_184' title='bbox 439 1702 492 1721; x_wconf 81' lang='lat' dir='ltr'>ms.</span> <span class='ocrx_word' id='word_1_185' title='bbox 518 1694 550 1721; x_wconf 68' lang='lat' dir='ltr'>S.</span> <span class='ocrx_word' id='word_1_186' title='bbox 577 1693 763 1731; x_wconf 67' lang='lat' dir='ltr'>Aldegimdis</span> <span class='ocrx_word' id='word_1_187' title='bbox 783 1694 983 1723; x_wconf 70' lang='lat' dir='ltr'>Malbodiens.</span> <span class='ocrx_word' id='word_1_188' title='bbox 1010 1701 1088 1722; x_wconf 82' lang='lat' dir='ltr'>saec.</span> <span class='ocrx_word' id='word_1_189' title='bbox 1119 1691 1164 1722; x_wconf 79' lang='lat'>13.</span> <span class='ocrx_word' id='word_1_190' title='bbox 1186 1694 1259 1722; x_wconf 76' lang='lat' dir='ltr'>eod.</span> <span class='ocrx_word' id='word_1_191' title='bbox 1282 1693 1489 1722; x_wconf 46' lang='lat' dir='ltr'>Gamerae-ens.</span> <span class='ocrx_word' id='word_1_192' title='bbox 1517 1692 1566 1723; x_wconf 77' lang='lat'>36.</span> 
     </span>
     <span class='ocr_line' id='line_1_29' title="bbox 215 1731 1280 1761; baseline -0.001 0"><span class='ocrx_word' id='word_1_193' title='bbox 215 1731 253 1761; x_wconf 84' lang='lat' dir='ltr'>A.</span> <span class='ocrx_word' id='word_1_194' title='bbox 273 1747 311 1752; x_wconf 85' lang='lat'>—</span> <span class='ocrx_word' id='word_1_195' title='bbox 331 1731 416 1759; x_wconf 86' lang='lat' dir='ltr'>Miss.</span> <span class='ocrx_word' id='word_1_196' title='bbox 437 1741 491 1759; x_wconf 43' lang='lat' dir='ltr'>ma.</span> <span class='ocrx_word' id='word_1_197' title='bbox 513 1732 696 1761; x_wconf 54' lang='lat' dir='ltr'>Ebroicens:</span> <span class='ocrx_word' id='word_1_198' title='bbox 718 1740 796 1760; x_wconf 76' lang='lat' dir='ltr'>saec.</span> <span class='ocrx_word' id='word_1_199' title='bbox 819 1731 864 1760; x_wconf 83' lang='lat'>15.</span> <span class='ocrx_word' id='word_1_200' title='bbox 887 1732 957 1761; x_wconf 83' lang='lat' dir='ltr'>Cod.</span> <span class='ocrx_word' id='word_1_201' title='bbox 979 1733 1155 1761; x_wconf 72' lang='lat' dir='ltr'>Ebroieens.</span> <span class='ocrx_word' id='word_1_202' title='bbox 1176 1731 1223 1761; x_wconf 84' lang='lat'>99.</span> <span class='ocrx_word' id='word_1_203' title='bbox 1246 1733 1280 1761; x_wconf 92' lang='lat' dir='ltr'>B.</span> 
     </span>
    </p>
   </div>
   <div class='ocr_carea' id='block_1_9' title="bbox 669 1855 1116 1889">
    <p class='ocr_par' dir='ltr' id='par_1_16' title="bbox 669 1855 1116 1889">
     <span class='ocr_line' id='line_1_30' title="bbox 669 1855 1116 1889; baseline 0 -2"><span class='ocrx_word' id='word_1_204' title='bbox 669 1855 733 1888; x_wconf 85' lang='lat'>109.</span> <span class='ocrx_word' id='word_1_205' title='bbox 774 1856 816 1889; x_wconf 83' lang='lat' dir='ltr'>De</span> <span class='ocrx_word' id='word_1_206' title='bbox 837 1856 935 1889; x_wconf 82' lang='lat' dir='ltr'>beata</span> <span class='ocrx_word' id='word_1_207' title='bbox 955 1856 1057 1889; x_wconf 71' lang='lat' dir='ltr'>Maria</span> <span class='ocrx_word' id='word_1_208' title='bbox 1082 1857 1116 1888; x_wconf 67' lang='lat' dir='ltr'>V.</span> 
     </span>
    </p>
   </div>
   <div class='ocr_carea' id='block_1_10' title="bbox 214 1937 1358 2397">
    <p class='ocr_par' dir='ltr' id='par_1_17' title="bbox 214 1937 1358 2397">
     <span class='ocr_line' id='line_1_31' title="bbox 216 1937 1166 1979; baseline 0.001 -9"><span class='ocrx_word' id='word_1_209' title='bbox 216 1937 273 1970; x_wconf 81' lang='lat' dir='ltr'>la.</span> <span class='ocrx_word' id='word_1_210' title='bbox 299 1939 382 1975; x_wconf 74' lang='lat' dir='ltr'>Ave‚</span> <span class='ocrx_word' id='word_1_211' title='bbox 410 1937 466 1970; x_wconf 85' lang='lat' dir='ltr'>dia</span> <span class='ocrx_word' id='word_1_212' title='bbox 918 1939 978 1974; x_wconf 87' lang='grc'>11).</span> <span class='ocrx_word' id='word_1_213' title='bbox 999 1939 1082 1979; x_wconf 82' lang='lat' dir='ltr'>Ave,</span> <span class='ocrx_word' id='word_1_214' title='bbox 1109 1939 1166 1979; x_wconf 85' lang='lat' dir='ltr'>pia</span> 
     </span>
     <span class='ocr_line' id='line_1_32' title="bbox 300 1985 1185 2029; baseline 0.001 -10"><span class='ocrx_word' id='word_1_215' title='bbox 300 1986 385 2025; x_wconf 63' lang='lat' dir='ltr'>Lm,</span> <span class='ocrx_word' id='word_1_216' title='bbox 408 1985 530 2029; x_wconf 78' lang='lat' dir='ltr'>Maria,</span> <span class='ocrx_word' id='word_1_217' title='bbox 1002 1987 1100 2019; x_wconf 80' lang='lat' dir='ltr'>Vitae</span> <span class='ocrx_word' id='word_1_218' title='bbox 1129 1987 1185 2020; x_wconf 79' lang='lat' dir='ltr'>via</span> 
     </span>
     <span class='ocr_line' id='line_1_33' title="bbox 350 2033 1358 2078; baseline 0.004 -13"><span class='ocrx_word' id='word_1_219' title='bbox 350 2033 446 2065; x_wconf 82' lang='lat' dir='ltr'>Diem</span> <span class='ocrx_word' id='word_1_220' title='bbox 474 2043 634 2070; x_wconf 76' lang='lat' dir='ltr'>reserans,</span> <span class='ocrx_word' id='word_1_221' title='bbox 1054 2034 1164 2067; x_wconf 82' lang='lat' dir='ltr'>Vitam</span> <span class='ocrx_word' id='word_1_222' title='bbox 1187 2044 1358 2078; x_wconf 61' lang='lat' dir='ltr'>generans</span> 
     </span>
     <span class='ocr_line' id='line_1_34' title="bbox 214 2090 1267 2134; baseline 0.001 -9"><span class='ocrx_word' id='word_1_223' title='bbox 214 2093 274 2125; x_wconf 84' lang='lat' dir='ltr'>2a.</span> <span class='ocrx_word' id='word_1_224' title='bbox 301 2090 352 2124; x_wconf 79' lang='lat' dir='ltr'>Tu</span> <span class='ocrx_word' id='word_1_225' title='bbox 376 2091 505 2124; x_wconf 83' lang='lat' dir='ltr'>novella</span> <span class='ocrx_word' id='word_1_226' title='bbox 920 2093 982 2127; x_wconf 81' lang='grc'>21).</span> <span class='ocrx_word' id='word_1_227' title='bbox 1006 2093 1127 2126; x_wconf 84' lang='lat' dir='ltr'>Veram</span> <span class='ocrx_word' id='word_1_228' title='bbox 1149 2093 1267 2134; x_wconf 80' lang='lat' dir='ltr'>lucem,</span> 
     </span>
     <span class='ocr_line' id='line_1_35' title="bbox 299 2139 1321 2183; baseline 0.004 -11"><span class='ocrx_word' id='word_1_229' title='bbox 299 2139 418 2172; x_wconf 84' lang='lat' dir='ltr'>Mundi</span> <span class='ocrx_word' id='word_1_230' title='bbox 443 2140 541 2172; x_wconf 89' lang='lat' dir='ltr'>stella</span> <span class='ocrx_word' id='word_1_231' title='bbox 1004 2141 1169 2175; x_wconf 86' lang='lat' dir='ltr'>Christum</span> <span class='ocrx_word' id='word_1_232' title='bbox 1197 2143 1321 2183; x_wconf 73' lang='lat' dir='ltr'>ducem,</span> 
     </span>
     <span class='ocr_line' id='line_1_36' title="bbox 347 2187 1345 2233; baseline 0.007 -14"><span class='ocrx_word' id='word_1_233' title='bbox 347 2187 508 2229; x_wconf 87' lang='lat' dir='ltr'>Flagrans</span> <span class='ocrx_word' id='word_1_234' title='bbox 533 2189 674 2222; x_wconf 84' lang='lat' dir='ltr'>saeculo.</span> <span class='ocrx_word' id='word_1_235' title='bbox 1052 2189 1187 2223; x_wconf 83' lang='lat' dir='ltr'>Profers</span> <span class='ocrx_word' id='word_1_236' title='bbox 1212 2193 1345 2233; x_wconf 76' lang='lat' dir='ltr'>populo,</span> 
     </span>
     <span class='ocr_line' id='line_1_37' title="bbox 214 2247 1316 2284; baseline 0.004 -5"><span class='ocrx_word' id='word_1_237' title='bbox 214 2248 274 2280; x_wconf 80' lang='lat' dir='ltr'>3a.</span> <span class='ocrx_word' id='word_1_238' title='bbox 301 2247 480 2279; x_wconf 85' lang='lat' dir='ltr'>Aeternum</span> <span class='ocrx_word' id='word_1_239' title='bbox 505 2247 645 2281; x_wconf 88' lang='lat' dir='ltr'>radium.</span> <span class='ocrx_word' id='word_1_240' title='bbox 920 2248 980 2282; x_wconf 73' lang='lat'>31».</span> <span class='ocrx_word' id='word_1_241' title='bbox 1003 2248 1178 2282; x_wconf 79' lang='lat' dir='ltr'>Novellum</span> <span class='ocrx_word' id='word_1_242' title='bbox 1202 2251 1316 2284; x_wconf 87' lang='lat' dir='ltr'>filium.</span> 
     </span>
     <span class='ocr_line' id='line_1_38' title="bbox 214 2303 1255 2351; baseline 0.003 -14"><span class='ocrx_word' id='word_1_243' title='bbox 214 2305 274 2337; x_wconf 84' lang='lat' dir='ltr'>4a.</span> <span class='ocrx_word' id='word_1_244' title='bbox 302 2303 406 2337; x_wconf 86' lang='lat' dir='ltr'>Stella</span> <span class='ocrx_word' id='word_1_245' title='bbox 431 2305 542 2346; x_wconf 80' lang='lat' dir='ltr'>solem,</span> <span class='ocrx_word' id='word_1_246' title='bbox 918 2306 981 2342; x_wconf 86' lang='lat' dir='ltr'>4b.</span> <span class='ocrx_word' id='word_1_247' title='bbox 1007 2307 1110 2340; x_wconf 76' lang='lat' dir='ltr'>Serva</span> <span class='ocrx_word' id='word_1_248' title='bbox 1134 2317 1255 2351; x_wconf 68' lang='lat' dir='ltr'>regem,</span> 
     </span>
     <span class='ocr_line' id='line_1_39' title="bbox 300 2352 1290 2397; baseline 0.003 -12"><span class='ocrx_word' id='word_1_249' title='bbox 300 2352 402 2392; x_wconf 76' lang='lat' dir='ltr'>Virgo</span> <span class='ocrx_word' id='word_1_250' title='bbox 425 2353 561 2393; x_wconf 84' lang='lat' dir='ltr'>prolem,</span> <span class='ocrx_word' id='word_1_251' title='bbox 1002 2355 1136 2389; x_wconf 78' lang='lat' dir='ltr'>Plasma</span> <span class='ocrx_word' id='word_1_252' title='bbox 1160 2357 1290 2397; x_wconf 87' lang='lat' dir='ltr'>plasten</span> 
     </span>
    </p>
   </div>
   <div class='ocr_carea' id='block_1_11' title="bbox 350 2400 1394 2440">
    <p class='ocr_par' dir='ltr' id='par_1_18' title="bbox 350 2400 1394 2440">
     <span class='ocr_line' id='line_1_40' title="bbox 350 2400 1394 2440; baseline 0.007 -9"><span class='ocrx_word' id='word_1_253' title='bbox 350 2400 545 2433; x_wconf 82' lang='lat' dir='ltr'>Immensum</span> <span class='ocrx_word' id='word_1_254' title='bbox 570 2400 701 2440; x_wconf 80' lang='lat' dir='ltr'>femina,</span> <span class='ocrx_word' id='word_1_255' title='bbox 1057 2403 1225 2438; x_wconf 85' lang='lat' dir='ltr'>Generans</span> <span class='ocrx_word' id='word_1_256' title='bbox 1253 2405 1394 2438; x_wconf 86' lang='lat' dir='ltr'>domina.</span> 
     </span>
    </p>
   </div>
  </div>
 </body>
</html>
