1652 2678
723 92 990 129 -191—

189 190 247 223 2a.
274 189 327 221 En
352 191 506 224 sacerdos
534 200 667 232 magnus
693 192 771 233 vita,
890 192 952 226 2b.
972 192 1038 226 Hic
1065 201 1160 225 verus
1185 192 1336 225 Israelita

272 237 413 279 Magnus
438 240 473 272 in
499 239 650 273 doctrina
675 241 764 281 trita,
973 240 1018 273 Et
1043 239 1207 282 perfectus
1234 240 1379 282 eremita,

319 286 460 328 Magnus
485 288 656 332 sapientia,
1024 289 1124 328 Quem
1149 288 1237 321 fudit
1260 288 1435 322 Dalmatia.

186 346 252 378 321.
280 344 345 377 Hic
369 344 410 378 de
436 346 528 380 vanis
554 346 723 379 literarum
892 346 952 382 3b.
974 346 1021 380 Ut
1045 350 1231 380 sanctarum
1254 347 1489 387 scripturarum

274 393 398 426 Studiis
425 397 459 426 et
485 396 655 435 poetarum
974 398 1082 436 Atque
1109 396 1204 428 dictis
1229 396 1461 437 prophetarum

320 441 487 475 Evocatur
511 442 659 485 verbere,
1022 443 1211 477 Delectetur
1235 443 1346 476 ubere.

186 501 248 533 4a.
274 499 342 531 Iste
369 500 482 533 doctor
507 503 557 532 est
581 500 749 534 doctorum
889 501 950 535 4b.
972 501 1038 534 Hic
1063 505 1112 534 est
1135 502 1192 534 lux
1219 501 1459 540 catholicorum,

274 547 320 580 Et
344 548 507 589 interpres
535 548 705 582 dubiorum
974 550 1115 583 Malleus
1141 550 1388 591 haereticorum,

322 595 482 637 Suprema
505 596 652 638 scientia,
1024 597 1124 631 Nulla
1149 599 1287 640 palpans
1312 598 1402 631 vitia.

186 656 249 688 52..
273 653 367 696 Vide,
396 656 534 695 quantus
560 655 735 686 sanctitate
891 654 950 689 5b.
973 655 1065 687 Tunc
1089 656 1217 689 videbis
1244 658 1276 687 et
1301 655 1455 698 probabis

272 701 323 734 Sit
348 710 387 733 ac
410 710 538 734 morum
562 701 743 742 honestate,
974 703 1085 743 Atque
1110 703 1206 737 factis
1233 704 1472 745 comprobabis,

322 749 468 788 Quantus
494 749 706 791 poenitentia,
1022 751 1166 790 Quantus
1192 752 1236 784 sit,
1258 752 1294 785 in
1318 752 1431 794 gloria.

185 810 246 842 6a.
275 807 310 841 Si
336 807 510 849 perquiras
534 807 734 848 singulorum
890 808 948 842 61).
974 808 1177 842 sanctiorem
1202 812 1259 842 aut
1284 811 1438 851 majorem

270 855 381 888 Mores
407 856 557 897 vitasque
581 859 778 898 sanctorum,
972 858 1050 897 Ipso
1075 861 1173 899 atque
1199 858 1380 899 clariorem,

318 903 413 946 Puto,
440 913 505 937 non
531 904 678 937 invenies
1024 904 1059 937 Si
1089 906 1172 939 bene
1199 906 1363 940 discuties.

183 964 247 997 Va.
275 961 355 995 Cum
381 963 426 995 sis
450 963 567 1003 plenus
596 962 745 995 claritate
891 962 951 997 7b.
973 962 1052 1003 Fac,
1079 967 1116 997 ut
1140 973 1284 996 summae
1308 964 1449 997 trinitati

267 1010 339 1043 Nec
364 1020 428 1044 non
454 1019 590 1052 magnus
615 1013 788 1052 potestate,
975 1010 1081 1045 Simus
1106 1012 1308 1045 reconciliati

316 1059 419 1091 Beate
441 1059 652 1100 Hieronyme,
1020 1059 1090 1093 Tuo
1115 1070 1173 1093 nos
1199 1061 1394 1101 precamine.

261 1126 347 1154 Miss.
375 1134 430 1154 ms.
450 1127 627 1154 Turonense
655 1134 732 1154 saec.
763 1124 808 1153 15.
834 1125 906 1154 Cod.
924 1127 1090 1155 Turonens.
1113 1124 1177 1155 190.
1198 1127 1234 1154 A.
1259 1141 1298 1146 —-
1322 1127 1376 1155 Mis
1402 1148 1407 1154 .
1431 1127 1530 1154 Picta-

180 1167 287 1193 viense
307 1166 378 1201 imp.
395 1165 523 1193 Parisiis
546 1162 631 1194 1541.
652 1165 686 1193 B.

605 1257 674 1290 253.
715 1258 761 1290 De
781 1259 892 1290 sancto
910 1257 1110 1298 Hieronymo.

185 1333 242 1366 la.
269 1330 352 1363 Veni
378 1332 490 1363 sancte
516 1329 669 1372 Spiritus,
889 1330 947 1363 lb.
973 1330 1064 1363 Inter
1090 1339 1169 1371 quos
1195 1329 1412 1371 Hieronymus

270 1378 347 1411 Tibi
371 1388 430 1412 nos
457 1378 613 1411 divinitus
970 1378 1100 1419 Fulget,
1129 1379 1179 1410 vir
1203 1379 1437 1420 sanctissimus,

317 1427 388 1460 Fac
413 1436 486 1459 cum
511 1426 632 1460 sanctis
658 1426 810 1470 psallere,
1021 1426 1120 1460 Sacro
1146 1430 1202 1459 tuo
1227 1435 1370 1460 munere.

181 1489 241 1521 2a.
270 1487 341 1520 Tuo
365 1486 420 1526 qui
447 1485 643 1518 charismate
888 1484 946 1519 212.
971 1484 1051 1518 Cum
1074 1485 1158 1517 mira
1181 1484 1327 1526 scientia,

267 1534 370 1568 Trino
395 1535 553 1568 idiomate
970 1533 1060 1566 Mira
1085 1533 1270 1574 eloquentia

315 1583 449 1617 Pollens
474 1586 512 1615 ut
536 1582 586 1615 sol
611 1581 789 1624 splenduit,
1019 1582 1141 1624 Longe,
1169 1583 1236 1615 late
1262 1581 1388 1614 claruit.

180 1645 243 1678 Sa.
269 1642 368 1675 Hunc
393 1643 499 1675 Roma
523 1639 765 1683 presbyterum,
888 1640 947 1675 3b.
971 1640 1032 1681 Qui
1058 1649 1203 1673 errorum
1230 1639 1326 1672 devia

269 1690 463 1724 Bethlehem
486 1687 693 1722 fructiferum
973 1688 1123 1722 Correxit
1148 1691 1182 1721 et
1204 1687 1286 1720 vitia

316 1738 446 1772 Christo
472 1738 614 1771 scribam
639 1737 787 1778 protulit,
1019 1737 1065 1770 Et
1089 1737 1270 1777 scripturas
1291 1735 1469 1769 transtulit.

178 1801 240 1833 4a.
266 1797 472 1831 Psalmorum
497 1797 685 1837 maneriem,
886 1795 947 1829 4b.
971 1795 1030 1835 Qui
1056 1796 1212 1828 virtutum
1238 1794 1355 1827 studiis

265 1845 459 1879 Lectionum
484 1845 602 1877 seriem
968 1843 1094 1884 Dignus
1121 1842 1204 1875 coeli
1227 1842 1350 1876 braviis

315 1894 471 1928 Tradidit
497 1893 665 1934 ecclesiae,
1020 1891 1152 1924 Coelum
1178 1890 1308 1923 scandit
1331 1890 1439 1924 hodie.

179 1955 238 1987 5a.
265 1952 372 1993 Hujus
399 1962 459 1995 per
484 1951 673 1992 suffragium
886 1950 947 1985 5b.
969 1950 1022 1983 Da
1046 1950 1177 1983 virtutis
1201 1949 1363 1992 meritum,

267 2001 406 2044 Christe,
434 2002 522 2034 solus
549 2002 700 2041 omnium,
970 1999 1024 2032 Da
1050 1999 1165 2032 salutis
1193 1998 1323 2039 exitum,

313 2050 416 2084 Omne
439 2050 528 2091 pelle
551 2050 694 2088 noxium,
1017 2047 1071 2081 Da
1094 2055 1239 2089 perenne
1261 2046 1424 2088 gaudium.

263 2117 353 2146 Grad.
376 2126 431 2146 ms.
453 2116 618 2145 Sanctense
635 2126 658 2145 s.
679 2117 756 2152 sign.
778 2123 856 2144 saec.
879 2113 924 2143 15.
945 2131 983 2135 —-
1003 2114 1089 2143 Me1.:
1110 2115 1190 2142 Veni
1210 2117 1313 2143 sancte
1333 2115 1467 2151 spiritus.

614 2229 684 2262 254.
724 2228 770 2260 De
790 2229 899 2261 sancto
919 2227 1092 2260 Honorato.

178 2308 236 2341 la.
265 2303 438 2339 Ambianis
465 2302 559 2344 plebs
588 2301 716 2343 devota,
885 2300 943 2335 lb.
966 2301 1007 2334 In
1032 2300 1094 2333 hac
1121 2300 1174 2334 die
1199 2300 1351 2345 gloriosa,

264 2353 442 2388 Gratulare
465 2354 575 2384 mente
599 2354 670 2384 tota
971 2348 1100 2382 Celebri
1125 2352 1158 2382 et
1178 2349 1327 2391 speciosa

310 2403 385 2444 Ore,
414 2400 523 2443 corde,
548 2400 678 2442 spiritu,
1015 2398 1067 2431 De
1090 2398 1234 2440 pastoris
1259 2399 1400 2433 transitu
