1652 2678
760 52 1000 87 ..40-

661 155 710 188 45.
752 156 797 188 De
818 155 953 197 corpore
976 153 1103 187 Christi.

674 224 762 255 Feria
780 224 819 255 Π.
842 224 922 254 insta
942 222 1092 253 Octavam.

220 303 277 337 ia.
305 303 344 336 In
370 304 505 337 excelsis
527 304 632 346 gloria

302 351 356 384 Ex
381 351 503 386 Christi
526 355 682 387 memoria

305 399 364 440 Sit,
392 400 446 442 qui
471 401 528 434 dat
551 402 705 443 mysteria

351 449 449 482 Panis
475 450 570 484 vitae.

217 508 276 539 2a.
303 506 368 538 Hie
396 507 490 547 panis
515 508 688 551 angelicus,

301 554 401 587 Potus
428 555 640 597 evangelicus,

301 601 364 634 Dei
390 602 504 643 quibus
527 603 639 636 unicus

349 650 418 682 Nos
443 650 557 683 reficit.

218 709 274 742 3a.
305 706 384 739 Cum
413 712 569 741 concentu
594 711 702 742 sensui

300 754 377 787 Non
401 756 505 788 solum
530 757 666 798 auditui,

303 803 363 842 Qui
389 803 446 836 dat
469 805 649 838 intellectui

349 852 474 885 Lumen
498 862 620 887 verum.

217 912 276 945 4a.
306 909 430 950 Corpus
451 913 510 951 est,
535 911 621 951 quod
646 912 793 952 sumitur,

301 957 348 990 Et
372 959 512 999 sanguis,
543 958 598 998 qui
623 959 757 998 bibitur,

302 1005 368 1038 Sub
397 1006 494 1039 rebus
519 1006 570 1039 his
597 1007 695 1039 alitur

350 1054 437 1087 Vera
461 1053 555 1088 fides.

215 1115 275 1146 5a.
302 1111 367 1144 Hic
396 1112 532 1153 expellit
555 1111 678 1146 inferos

296 1160 342 1193 Et
367 1161 459 1193 ducit,
481 1162 524 1194 ad
550 1170 695 1201 superos.

302 1209 494 1243 Consolatur
518 1209 664 1249 miseros,

348 1259 429 1291 Fert
452 1258 618 1291 virtutem.

915 304 974 338 ib.
998 303 1094 336 Hunc
1118 311 1236 344 panem
1262 303 1353 344 virgo
1379 302 1464 342 unit,

1000 353 1117 385 Potum
1142 355 1238 384 natus
1265 351 1394 392 obtulit,

934 435 937 438 ,
999 400 1100 440 Quem
1124 400 1159 432 in
1186 408 1283 433 sacra
1305 399 1443 440 protulit

1047 448 1160 482 Crucis
1189 449 1265 481 vite.

915 506 973 541 2b.
998 507 1046 539 Te
1069 506 1184 548 proba,
1213 505 1407 546 Christiane,

998 555 1060 595 Qui
1084 553 1150 587 frui
1174 555 1224 587 vis
1248 554 1310 587 hoc
1333 562 1430 595 pane,

998 603 1081 636 Nam
1107 602 1207 635 fidem
1232 603 1350 636 mentis
1374 611 1473 635 sanae

1047 651 1283 693 Circumspicit.

914 709 974 744 31).
1002 709 1094 750 Quod
1119 711 1220 742 sentis
1247 711 1399 748 exterius,

999 758 1147 791 Christus
1177 761 1227 791 est
1250 758 1387 791 interius

996 807 1041 839 Et
1062 806 1110 839 nil
1134 810 1224 839 tenet
1249 808 1357 840 verius

1046 855 1110 888 Cor
1137 855 1308 888 sincerum.

914 912 976 946 4b,
1000 913 1160 954 Purgatus
1187 913 1274 945 omni
1298 912 1397 946 sorde

998 959 1033 991 Si
1058 968 1164 992 sumas
1189 969 1267 993 vero
1293 960 1403 1002 corde,

1000 1006 1143 1039 Caritate
1168 1009 1337 1044 concorde,

1047 1055 1153 1088 Deum
1179 1055 1281 1089 vides,

916 1111 977 1146 5b.
1000 1111 1116 1153 Dignis
1143 1121 1215 1145 eum
1239 1114 1401 1147 mentibus

1000 1159 1182 1203 Sumemus‚
1201 1164 1238 1194 ut
1263 1162 1410 1194 coetibus

1002 1208 1106 1242 Nobis
1132 1219 1204 1242 cum
1229 1210 1421 1243 coelestibus

1049 1258 1115 1291 Det
1140 1259 1287 1293 salutem.

291 1335 377 1363 Mis..
399 1334 614 1363 Suessionense
640 1338 711 1371 imp.
737 1335 866 1364 Parisiis
899 1332 983 1362 1516.
1005 1350 1044 1354 —
1063 1333 1122 1366 δα,
1155 1334 1168 1362 1
1197 1344 1240 1373 sq.
1269 1335 1346 1364 ohne
1372 1335 1463 1366 Sinn.
1491 1344 1557 1363 ver-

213 1373 310 1402 derbt.
332 1389 369 1393 —
391 1373 453 1407 4b,
480 1371 498 1402 3
518 1383 585 1402 cum
602 1374 703 1408 carde,
728 1375 778 1402 ein
798 1374 866 1402 sehr
886 1372 1021 1410 hfiufignr
1041 1373 1261 1402 Sehreibfehlcr
1281 1375 1314 1402 in
1333 1374 1556 1403 fmnzosischen

217 1412 459 1442 Hand:=(·11risten.
487 1428 525 1432 —
550 1413 621 1441 Mel.
639 1413 822 1449 jodenfalls.:
853 1413 997 1441 Laetetur
1017 1413 1152 1441 ecclesia.

661 1531 709 1564 46.
751 1533 795 1564 De
816 1531 949 1574 Corpore
974 1532 1101 1565 Christi.

671 1601 763 1632 Feria
782 1602 834 1633 ΙΙΙ.
859 1602 938 1633 infra
961 1601 1110 1633 Octavam,

220 1685 275 1716 ]a.
303 1681 389 1718 Tibi,
411 1681 549 1723 Christe,
569 1682 726 1722 splendor
743 1683 857 1724 patris7

304 1728 411 1763 Filius
436 1731 579 1764 intactae
600 1731 721 1770 matris

352 1779 469 1812 Honor
491 1780 535 1812 sit
560 1782 592 1811 et
614 1779 729 1821 gloria,

220 1840 278 1871 2a.
305 1837 368 1870 Pro
394 1837 474 1870 fidei
497 1839 693 1872 nutrimento

307 1886 352 1918 Et
377 1887 490 1919 altaris
516 1890 718 1920 sac-ramento

352 1935 454 1967 Tuum
482 1936 589 1976 pascis
614 1937 782 1977 populum.

220 1993 279 2025 Sa.
305 1992 403 2024 Foris
439 2001 551 2026 sensus
575 1993 640 2026 hoe
661 2003 725 2026 non
751 1994 859 2037 sentit,

307 2040 373 2073 Sed
397 2041 454 2082 pia
477 2050 567 2074 mens
590 2042 667 2074 huic
690 2043 842 2074 asssentit

351 2089 397 2121 Et
421 2092 510 2122 tenet
535 2091 705 2133 veraciter,

919 1683 980 1718 ib.
1003 1683 1064 1723 Qui
1090 1684 1235 1723 corporis
1260 1683 1393 1724 gloriosi

1004 1731 1240 1774 Sanguinisque
1266 1732 1403 1772 pretiosi

1052 1781 1115 1814 Tui
1143 1781 1200 1814 das
1225 1782 1393 1822 mysteria.

919 1841 976 1872 2a.
998 1838 1064 1872 Sub
1090 1840 1232 1880 tegmine
1256 1840 1439 1880 specierum

1003 1887 1073 1920 Das
1098 1888 1133 1919 in
1160 1889 1267 1922 cibum
1292 1897 1411 1930 corpus
1436 1897 1558 1931 verum,

1053 1936 1249 1976 Sanguinem
1273 1937 1307 1968 in
1333 1937 1495 1977 poculum.

920 1994 979 2027 3b.
1002 1994 1095 2032 Quod
1121 1993 1175 2025 hic
1200 2003 1296 2026 verus
1322 1995 1419 2028 homo
1437 2004 1563 2036 maueS,

1003 2042 1110 2073 Verus
1135 2041 1289 2083 Deusque
1314 2052 1488 2084 permanes

1053 2089 1206 2130 Regnans
1232 2092 1453 2126 aeternaliter.

219 2147 276 2179 4a.
303 2147 402 2185 Quem
438 2150 661 2188 exspectamus
686 2151 858 2180 venturum
917 2147 980 2180 4b,
1004 2147 1072 2180 Nos
1095 2148 1247 2182 sistentes
1271 2153 1348 2183 tuae
1372 2151 1475 2185 laudi.

304 2194 486 2235 Unicuique
510 2196 726 2234 redditurum,

352 2243 444 2282 Quod
470 2245 571 2284 gessit
593 2244 627 2276 in
653 2251 763 2285 opere,

353 2290 440 2323 Dum
464 2292 583 2325 mansit
606 2292 641 2324 in
667 2300 813 2332 corpore,

1001 2195 1204 2237 Redemptor
1228 2202 1350 2240 noster,
1382 2201 1511 2245 exaudi,

1050 2245 1096 2278 Ut
1121 2254 1182 2285 per
1206 2247 1289 2279 haec
1309 2249 1468 2288 mysteria

1053 2293 1156 2326 Nobis
1184 2295 1279 2327 detur
1302 2295 1417 2336 gloria.

298 2365 381 2393 Miss.
397 2365 612 2396 suessionense
633 2369 705 2405 imp.
718 2367 844 2395 Parisiis
867 2364 951 2396 1516.
966 2383 1004 2388 —
1020 2368 1072 2403 112,
1093 2369 1108 2398 1
1131 2378 1248 2407 corpus.
1265 2385 1301 2389 —
1318 2369 1371 2406 lb,
1387 2369 1406 2400 3
1422 2372 1480 2402 Cui
1498 2374 1563 2405 das.
