1652 2678
682 117 922 154 „54-

134 218 197 251 4a.
226 217 318 251 Sicut
343 226 456 250 cervus
479 220 634 258 properat
839 214 900 248 4b.
923 212 978 245 Sic
1000 211 1109 243 anima
1135 209 1268 263 cupiens

219 266 265 299 Et
289 264 395 299 fontes
423 265 598 306 desiderat,
924 259 1047 294 Tendit
1070 258 1113 290 ad
1137 260 1171 290 te
1192 259 1320 311 sitiens,

221 314 308 346 Dum
334 323 405 346 eum
433 316 606 353 exasperat
922 307 983 347 Qui
1009 315 1042 338 OS
1069 304 1259 338 indeficlens

269 361 378 394 Metus
403 361 516 393 mortis
542 360 668 396 anxiae,
969 355 1058 388 Fons
1084 353 1343 386 misericordiae.

140 420 200 453 5a.
225 419 332 459 Hujus
357 418 421 451 rivi
839 413 900 448 5b,
922 412 969 445 Ut
994 412 1139 453 peccatis

220 467 335 499 Fontis
360 466 425 498 vivi
922 460 1124 502 Expurgatis

271 514 340 546 Nos
366 512 544 545 fecundent
969 508 1038 540 Nos
1064 507 1215 540 absolvat

269 562 315 594 Et
340 560 516 593 emundent
970 556 1042 588 Nec
1066 555 1225 597 revolvat,

317 609 349 641 A
373 607 501 648 peccati
527 607 627 647 sanie,
1023 604 1112 644 Quae
1135 606 1228 645 gesta
1252 606 1328 637 sunt
1351 604 1467 646 impie.

136 668 193 700 6a.
222 666 311 706 Jesu‚
339 666 394 705 qui
418 673 451 697 es
478 665 630 697 salutaris
838 662 898 696 6b.
922 662 1055 695 Miseris
1080 662 1271 704 propitieris

221 714 267 747 Et
291 713 435 746 salvator
458 712 667 754 nuncuparis,
921 711 992 743 Nec
1021 713 1158 751 peccata
1182 711 1378 752 recorderis,

270 761 329 794 Cui
352 761 508 793 miserere
533 761 712 802 proprium,
971 759 1042 792 Nec
1068 759 1146 792 inde
1170 759 1275 792 redde
1298 761 1447 792 mutuum

268 809 376 850 Exple
405 812 495 841 tuum
521 808 675 842 officium.
971 807 1037 841 Sed
1064 808 1138 840 dele
1161 808 1196 840 in
1221 810 1426 849 perpetuum.

133 868 189 900 7a.
218 867 291 900 Sint
321 870 459 907 peccata
838 866 899 901 7b.
922 866 969 899 Ut
994 866 1145 906 antiquus

220 915 422 950 Condonata,
920 914 1078 947 Inimicus

266 963 313 996 Et
338 966 447 995 reatus
972 960 1199 995 Gonfundatur

269 1011 319 1043 Sit
342 1011 517 1043 mundatus
969 1011 1015 1043 Et
1038 1011 1189 1043 vincatur

319 1059 398 1100 Tua,
428 1059 565 1098 Christe,
593 1059 708 1099 gratia,
1016 1058 1106 1091 Data
1129 1058 1194 1091 reis
1220 1059 1327 1093 venia.

137 1119 193 1152 Sa,
222 1118 261 1150 In
287 1117 459 1149 tremenda
483 1117 536 1150 die
560 1117 630 1150 irae
838 1117 896 1150 8b.
923 1116 1033 1150 Sancti
1058 1116 1132 1158 Dei,
1159 1117 1340 1157 subvenite,

221 1165 295 1198 Non
326 1166 497 1206 permittas
521 1174 579 1198 nos
604 1166 723 1208 perire,
919 1165 1024 1206 Regni
1054 1168 1166 1205 portas
1192 1165 1329 1207 aperite,

268 1214 334 1247 Sed
363 1212 523 1246 defunctis
969 1213 1016 1246 Ut
1040 1214 1198 1246 intremus

266 1261 363 1294 Vitae
388 1262 511 1294 cunctis
968 1261 1014 1294 Et
1038 1270 1209 1302 regnemus

317 1309 384 1342 Des
411 1312 544 1342 aeterna
571 1309 699 1350 gaudia.
1018 1310 1194 1343 Vobiscum
1220 1311 1253 1342 in
1280 1311 1395 1352 gloria.

211 1376 296 1404 Missi
327 1384 381 1404 ms.
402 1376 588 1404 Ebroicense
613 1384 690 1405 saec.
714 1374 759 1405 13.
782 1376 852 1405 Cod.
874 1377 1085 1412 Rotomagens.
1106 1374 1164 1405 305
1186 1376 1251 1405 add.
1274 1386 1350 1406 saec.
1374 1377 1418 1406 15.
1440 1396 1478 1400 —-

136 1414 216 1443 Mer
242 1415 334 1443 Mane
354 1415 451 1450 prima
472 1414 604 1443 Sabbati.

465 1508 509 1540 66.
556 1508 592 1540 In
614 1508 912 1542 Commemoratione
932 1509 1138 1541 mortuorum.

137 1589 195 1623 la.
223 1589 274 1622 De
298 1588 469 1630 profundis
833 1591 892 1625 1b.
922 1590 1113 1624 consolator

268 1638 312 1670 ad
336 1640 370 1670 te
396 1638 612 1683 clamantium,
970 1639 1109 1672 dolentis
1136 1640 1265 1673 animae

219 1686 278 1720 Pie
302 1685 400 1725 Deus,
917 1689 968 1720 Ac
990 1691 1188 1721 moestorum

269 1735 387 1767 exaudi
411 1735 564 1776 gemitum
967 1745 1045 1769 vere
1070 1738 1238 1782 paraclite,

219 1783 290 1816 Nec
313 1792 497 1816 mensuram
918 1784 1012 1825 Quod
1038 1786 1203 1826 promittis

268 1831 421 1864 observes
448 1832 628 1873 criminum,
970 1837 1002 1866 et
1029 1843 1068 1866 ex
1094 1834 1156 1867 hoc
1180 1835 1321 1877 nomine,

220 1879 268 1913 Ut
294 1879 436 1920 perferri
921 1882 973 1915 Ne
999 1882 1130 1916 differas

270 1928 374 1968 possit
394 1929 566 1970 judicium,
971 1931 1119 1972 implere,
1147 1931 1287 1965 Domine

320 1976 379 2010 Pie
401 1977 500 2012 Deus.
1017 1980 1074 2020 pie
1097 1979 1197 2013 Deus.

139 2034 198 2068 2a.
225 2035 306 2068 Jesu
329 2034 423 2074 bone,
836 2037 896 2070 21).
921 2036 1019 2069 Fletu
1043 2037 1136 2070 Petri

272 2083 398 2123 comple
423 2084 510 2124 quod
538 2084 678 2125 dixeras,
969 2086 1056 2118 trina
1079 2087 1210 2127 negatio

222 2130 274 2163 Ne
297 2131 341 2163 sit
365 2131 399 2163 in
425 2134 458 2164 te
920 2133 982 2166 Est
1010 2134 1119 2168 deleta

271 2188 334 2211 vox
360 2188 452 2212 cassa
476 2181 626 2221 nominis,
967 2186 1036 2215 tam
1059 2183 1153 2216 brevi
1179 2184 1290 2225 spatio

223 2227 272 2259 Te
300 2229 494 2267 praesertim
922 2231 968 2264 Et
992 2232 1129 2264 latronis

275 2284 345 2307 cum
371 2277 442 2317 ipse
469 2277 591 2309 dixeris
969 2288 1043 2313 sera
1069 2279 1229 2314 confessio

222 2323 288 2355 Pro
314 2324 479 2357 saivandis
922 2328 1075 2361 Paradisi
1099 2329 1206 2369 potita
1230 2329 1363 2371 gaudio,

271 2372 399 2404 venisse
423 2373 561 2414 miseris,
972 2377 1052 2410 Jesu
1077 2376 1171 2409 bone.

321 2419 341 2452 J
344 2428 399 2452 esu
425 2421 519 2454 bone.
