1652 2678
751 119 993 155 —95-

203 215 261 247 5a.
289 216 314 248 O
339 215 460 255 Maria,
493 216 667 258 singularis

284 262 406 304 Mater,
432 264 520 297 thori
547 273 663 306 expers
688 268 798 308 maris,

284 311 406 344 Verum
430 312 537 345 Deum
563 314 651 347 laeta
675 315 764 355 paris

332 361 462 394 Pariter
488 364 520 394 et
544 362 717 396 hominem.

199 418 258 451 6a.
287 417 437 452 Gloriosa
461 419 665 461 imperatrix,

282 466 332 499 Tu
359 476 392 499 es
417 471 531 500 nostra
555 469 741 510 mediatrix,

282 514 476 548 Divinorum
503 516 723 558 dispensatrix

331 564 496 597 Bonorum
521 565 716 607 largissima.

199 622 256 655 7a.
282 622 371 664 Ergo
403 623 507 655 dulcis
532 625 563 655 et
591 623 739 664 benigna,

284 670 378 703 Omni
404 679 533 711 semper
557 671 655 703 laude
681 671 788 712 digna,

281 718 351 751 Tuo
374 721 451 751 nato
477 728 535 751 nos
563 719 717 759 consigna

328 767 390 800 Pia
415 775 475 807 per
500 766 663 807 suffragia.

902 219 962 252 5b.
984 220 1071 253 Hinc
1095 219 1192 251 beata
1216 218 1418 258 praedicaris

984 267 1030 300 Et
1055 277 1074 300 a
1099 266 1222 299 cunctis
1247 267 1414 299 veneraris

985 315 1090 356 Super
1115 324 1336 356 summumque
1360 316 1479 348 locaris

1034 363 1246 404 Seraphicum
1271 363 1428 396 ordinem.

901 422 959 456 6b.
981 422 1032 455 Tu
1055 430 1184 455 reorum
1209 422 1403 459 excusatrix,

984 470 1178 503 Miserorum
1205 470 1406 502 consolatrix.

983 519 1023 552 In
1052 526 1154 560 agone
1177 516 1391 551 confortatrix

1030 567 1077 599 Et
1100 575 1175 608 spes
1202 575 1235 598 es
1262 567 1451 599 certissima.

900 623 960 658 7b.
986 624 1030 657 Ut
1056 624 1189 664 carnali,
1216 633 1280 665 qua
1304 634 1487 666 gravamur,

986 671 1150 714 Compede
1175 673 1223 704 sic
1244 672 1459 712 absolvamur,

983 719 1028 753 Ut
1054 720 1151 753 soluti
1175 719 1411 754 transferamur

1028 769 1084 801 Ad
1111 769 1192 801 coeli
1217 770 1350 810 palatia.

273 842 362 870 (irad.
385 851 438 870 ms.
460 842 692 879 Aquieinctensv
713 852 791 872 saec.
820 844 823 862 ¹
852 852 888 871 16.
911 844 982 872 God.
1004 844 1153 873 Dum-ens.
1176 843 1240 872 124.

645 955 700 987 119.
743 956 785 987 De
806 956 903 988 beata
926 956 1026 988 Maria
1050 957 1084 988 V.

605 1028 636 1061 1.
666 1027 783 1061 Castae
806 1028 920 1060 matris
946 1031 1022 1060 ante
1045 1028 1185 1067 thorum,

664 1076 733 1114 Qua
757 1076 899 1108 lactatur
924 1085 982 1108 rex
1008 1076 1181 1116 coelorum,

735 1124 933 1156 Attollamus
957 1124 1085 1165 gaudia.

190 1180 247 1214 2a.
276 1180 374 1213 Salve
398 1181 501 1222 virgo,
528 1181 629 1222 stirps
655 1181 760 1219 beata,

275 1228 377 1260 Partu
403 1229 507 1261 crucis
532 1229 712 1262 instaurata

323 1276 443 1309 Rerum
470 1280 547 1309 sunt
570 1277 762 1317 primordia.

188 1335 245 1368 3a.
273 1333 357 1374 Juga
381 1334 462 1375 legis
489 1343 567 1375 quos
593 1335 796 1375 premebant,

271 1382 327 1415 Ad
352 1385 385 1414 te
410 1386 486 1415 vota
511 1383 755 1424 suspendebant

318 1430 473 1463 Planctus
500 1435 533 1463 et
556 1432 707 1472 suspiria.

180 1489 240 1522 4a.
269 1488 440 1529 Templum
468 1489 601 1522 tandem
626 1490 806 1530 majestatis

266 1538 382 1570 Pulsos
408 1537 535 1578 primae
560 1538 727 1579 diguitatis

315 1585 418 1618 Ducis
442 1586 486 1619 ad
510 1587 652 1627 palatia}

184 1645 243 1677 5a.
272 1643 379 1676 Verbo
405 1643 482 1687 feta,
510 1647 608 1685 partu
633 1645 731 1687 laeta,

265 1692 369 1725 Nobis
397 1693 507 1725 datum
532 1692 660 1734 profert
685 1696 795 1726 natum

317 1740 519 1774 Genitricum
544 1742 658 1782 gloria.

179 1799 239 1832 6a.
268 1798 372 1831 Stella
397 1797 487 1841 felix,
515 1797 596 1831 felix
622 1802 722 1842 ortus,

267 1847 366 1887 Cujus
395 1847 494 1879 ductu
519 1847 606 1880 vitae
630 1851 743 1888 portus

312 1895 408 1928 Patet
431 1895 534 1936 pulsis
560 1896 686 1936 patria3

179 1955 235 1988 7a.
263 1955 327 1988 Per
353 1956 386 1986 te
411 1954 494 1987 salvi
519 1957 553 1986 te
579 1954 774 1996 collaudent,

262 2003 327 2036 Per
344 2006 378 2035 te
393 2003 500 2045 detur,
519 2003 606 2044 quod
619 2012 684 2035 non
699 2003 819 2036 audent

308 2050 428 2084 Preces
456 2054 488 2083 et
515 2060 604 2084 mens
631 2052 779 2093 conscia;

892 1182 949 1215 2b.
971 1183 1009 1215 In
1035 1183 1172 1214 salutem
1197 1185 1404 1222 praeparata,

973 1229 1166 1270 Desperatis
1192 1238 1266 1270 spes
1290 1229 1413 1270 obtata,

1021 1278 1140 1319 Aegris
1172 1277 1252 1309 dans
1278 1279 1434 1312 remedia.

889 1336 948 1369 3b.
972 1337 1010 1369 In
1035 1335 1205 1368 tormentis
1231 1335 1293 1367 tibi
1317 1334 1449 1377 flebant,

972 1384 1019 1416 Te
1044 1383 1196 1416 lamentis
1221 1384 1430 1424 requirebant

1021 1431 1231 1473 Captivorum
1257 1432 1395 1473 agmina.

886 1490 946 1524 4b.
969 1490 1163 1532 Thymiama
1187 1490 1381 1531 sanctitatis,

969 1539 1060 1571 Dans
1086 1538 1219 1571 odorem
1245 1539 1416 1571 suavitatis

1018 1586 1201 1621 Perfudisti
1224 1587 1366 1620 saecula.

885 1644 944 1679 5b.
969 1645 1063 1679 Omni
1088 1644 1187 1678 laude
1213 1644 1321 1686 digna,
1348 1646 1465 1688 gaude,

970 1693 1073 1726 Stella
1097 1693 1208 1734 maris,
1236 1694 1295 1734 sol,
1323 1702 1417 1734 quem
1434 1695 1524 1734 paris

1015 1742 1176 1775 Mundum
1201 1742 1308 1781 replet
1332 1742 1447 1783 gratia.

883 1799 942 1833 6b.
967 1800 1030 1832 Per
1052 1808 1147 1840 quam
1164 1799 1259 1831 triste
1274 1800 1362 1839 perit
1379 1803 1521 1844 pactum,

965 1849 1079 1882 Hostis
1106 1847 1195 1880 cadit
1215 1847 1269 1887 jus
1296 1846 1508 1891 confractum,

1013 1897 1123 1929 Fortis
1150 1898 1248 1928 ruunt
1272 1896 1367 1932 atria.

881 1955 938 1988 7b.
963 1954 1048 1995 Quos
1074 1956 1183 1987 reatus
1207 1962 1305 1987 causa
1328 1956 1457 1999 premit,

964 2003 1034 2036 Tuo
1059 2006 1146 2042 nato,
1174 2011 1254 2043 quos
1278 2003 1428 2045 redemit,

1010 2050 1097 2085 Offer
1121 2054 1152 2083 et
1179 2052 1327 2085 concilia.

250 2128 335 2156 Miss.
364 2137 417 2156 ms.
439 2128 619 2157 Seeoviense
641 2137 718 2157 saec.
742 2127 786 2157 12.
809 2128 879 2157 Cod.
901 2129 1059 2158 Graecens.
1076 2127 1143 2157 417.
1165 2128 1199 2156 A.
1220 2144 1260 2149 —
1278 2129 1364 2158 Miss.
1386 2139 1441 2158 ms.
1465 2131 1516 2160 Se-

169 2169 311 2196 coviense
340 2175 418 2195 saec.
444 2165 488 2195 12.
517 2167 587 2196 Cod.
616 2168 774 2196 Graecens.
801 2167 867 2196 479.
895 2169 929 2196 B.
950 2184 988 2188 —
1010 2169 1096 2197 Miss.
1125 2176 1179 2195 ms.
1199 2168 1349 2197 Lincense
1371 2171 1398 2197 Γ
1421 2179 1450 2205 p.
1480 2170 1515 2199 17

172 2214 251 2235 saec.
282 2204 327 2234 12.
356 2207 391 2235 G.
415 2223 450 2227 --
470 2205 557 2234 Miss.
585 2216 639 2235 ms.
666 2207 765 2235 Palat.
785 2207 915 2236 Vindob.
946 2204 1058 2237 13314.
1086 2215 1164 2235 saec.
1195 2205 1238 2235 11.
1267 2207 1333 2235 add.
1361 2217 1439 2237 saec.
1469 2207 1514 2239 13.

170 2246 208 2274 D.
233 2260 270 2265 —
297 2246 382 2275 Miss.
404 2255 459 2274 ms.
478 2245 758 2283 Claustribmgense
778 2245 814 2274 71
836 2255 913 2275 saec.
937 2245 982 2274 15.
1002 2246 1040 2275 E.
1067 2263 1107 2266 —
1131 2246 1217 2274 Miss.
1238 2255 1293 2274 ms.
1315 2247 1516 2278 Gottwieense

168 2282 237 2314 432.
259 2293 336 2314 saec.
361 2283 406 2313 15.
427 2285 460 2314 F.
483 2301 520 2305 —
542 2285 626 2313 Naeh
648 2284 691 2313 7b
713 2285 767 2315 hat
785 2285 810 2313 F
831 2284 911 2314 noch
930 2285 1091 2323 folgenden
1112 2284 1356 2314 Schlusschoral:

637 2324 700 2352 Nos
725 2332 761 2352 ex
781 2324 839 2352 hac
857 2326 923 2353 vita
942 2326 1105 2362 migrantes

639 2364 803 2399 miserator,
825 2372 955 2401 sponsae
977 2373 1049 2393 suae

636 2404 667 2430 et
686 2403 775 2431 matri
794 2410 923 2439 nostrae,
940 2403 1050 2440 jungat

675 2442 799 2470 coelesti
819 2442 996 2471 Jerusalem.
