1652 2678
734 92 973 128 —67—

185 188 266 222 103.
295 189 345 222 Tu
369 189 540 223 Helsinum
565 191 738 231 Anglicum
887 191 969 225 lOb.
993 192 1073 225 Post
1097 200 1223 223 sacrum
1250 191 1421 225 concilium

187 451 269 485 lla.

181 1393 238 1424 2a.

181 1499 239 1533 3a.

178 1606 235 1638 4a.

182 1810 240 1842 521.

178 1966 234 1999 63.

174 2319 232 2352 7a.

294 238 329 271 111
353 238 436 271 mari
460 239 616 273 auxilium

294 287 339 320 ad
362 289 492 328 portum
516 288 629 321 salutis

293 335 490 369 transtulisti

293 384 436 417 laetante
459 385 586 425 patria3

296 451 449 485 Ecclesia
472 452 618 486 Romana

293 499 466 542 approbat,

296 549 464 582 confirmat

295 597 358 629 hoc
384 595 502 629 festum
526 597 574 629 sic

298 645 538 679 celebrandum.

993 239 1179 273 Basileense

998 291 1186 328 conceptum
1212 287 1338 321 Mariae

994 337 1196 370 sollemnizat

996 394 1114 427 magna
1137 385 1271 419 laetitia.

890 453 973 487 11b.
995 454 1082 487 Ordo
1107 454 1270 486 Minorum
1295 455 1434 495 supplex

996 501 1146 535 laudibus

996 549 1180 591 frequentat

995 598 1059 631 Dei
1082 599 1237 640 templum

995 648 1226 681 venerandum.

652 712 707 745 12.
736 712 862 754 Regina
890 714 971 745 coeli

739 761 859 801 divina,

734 818 794 842 nos
818 810 902 850 loca,

262 1040 334 1068 (lod.
355 1041 499 1076 Pragwns.
520 1041 578 1068 KH
600 1041 624 1068 A
645 1038 692 1067 17.

737 857 795 890 ubi
819 866 904 890 nunc
929 867 962 890 es
990 868 1061 891 cum
1087 858 1155 892 filio

734 906 769 938 in
795 905 927 939 coelesti
952 907 1042 940 solio.

734 956 849 987 Amen.

721 1048 793 1068 saec.
817 1039 863 1069 15.
902 1041 960 1068 Mit
981 1042 1051 1069 Mel.
1072 1057 1112 1061 —
1133 1039 1168 1069 10
1176 1050 1202 1075 a,
1225 1041 1241 1069 1
1261 1041 1431 1077 Helsynum
1450 1042 1507 1070 Es.

617 1192 663 1223 79.
703 1192 748 1224 De
774 1191 977 1233 conceptione
999 1191 1088 1224 BMV.

592 1285 622 1317 1.
650 1283 784 1315 Festum
809 1281 937 1315 Mariae
960 1285 1163 1322 xenerantes‚

648 1331 710 1363 hac
737 1331 789 1364 die
814 1331 1003 1372 psallentes,

266 1391 355 1424 Audi
382 1391 471 1431 virgo
497 1399 636 1431 gregem,

263 1440 324 1472 tibi
349 1439 463 1472 laudes
490 1442 667 1471 canentem.

268 1498 466 1539 Conceptum
492 1500 581 1529 tuum

264 1548 298 1579 in
322 1547 440 1579 unione
466 1549 609 1578 sanctum

264 1604 406 1645 Quorum
431 1604 472 1636 de
492 1612 590 1645 grege

262 1654 436 1686 Anselmus
462 1653 586 1693 primus

266 1705 457 1743 conceptum
481 1704 571 1734 tuum

263 1751 357 1791 ponit
380 1750 637 1783 mundissimum.

267 1808 480 1842 Bernhardus
506 1807 645 1849 denique

265 1857 479 1898 perlustravit
505 1857 618 1889 intime

262 1907 349 1939 omni
374 1904 503 1948 profert
527 1906 635 1944 laude,

261 1966 463 2006 Augustinus

261 2023 377 2047 revera
392 2013 440 2046 sic
457 2013 575 2054 inquit:

262 2072 332 2095 cum
360 2063 399 2096 de
416 2063 559 2103 peccatis

262 2112 327 2145 dici
354 2111 498 2152 contigit,

259 2170 326 2193 non
351 2160 474 2201 quaeri,
499 2169 564 2193 non
589 2159 663 2203 fari,

260 2219 302 2243 an
326 2210 456 2250 lapsum
481 2207 570 2249 fecit,

259 2268 301 2294 an
326 2259 430 2300 legem
455 2258 601 2292 violavit.

259 2318 352 2351 Haec
377 2319 454 2350 sunt
478 2317 616 2360 eloquia,

259 2376 342 2409 quae
366 2365 428 2400 tibi
453 2366 595 2407 placent,

258 2426 276 2449 o
301 2417 364 2450 Dei
390 2415 562 2457 sapientia.

882 1388 940 1422 ab.
964 1389 1079 1431 Dirige
1105 1393 1243 1430 gentem,

968 1440 1157 1477 conceptum
1182 1440 1270 1470 tuum
1298 1440 1469 1470 amantem.

882 1495 943 1528 eb.
966 1497 1126 1538 Probent,
1157 1496 1351 1537 reprobrant

966 1545 1001 1577 id
1026 1544 1149 1585 scripta
1176 1545 1326 1586 dictaque
1345 1545 1523 1578 doctorum.

882 1602 943 1635 4b.
967 1603 1012 1635 Et
1038 1602 1208 1636 clariorem

966 1655 1040 1692 post
1065 1651 1170 1685 Deum
1195 1660 1303 1693 regem

967 1701 1085 1732 asserit
1111 1709 1182 1732 esse

966 1757 1042 1781 vere
1068 1749 1243 1788 puriorem.

883 1806 941 1839 5b.
968 1806 1090 1846 Quibus
1119 1807 1267 1847 superius

966 1854 1149 1888 hominibus
1174 1856 1209 1887 in
1233 1855 1330 1888 terris

967 1904 1106 1936 disertas
1132 1903 1228 1937 addit
1251 1903 1375 1937 laudes.

882 1961 941 1995 6b.
966 1960 1157 1995 Gundefilus

965 2011 1124 2053 virginem
1150 2011 1302 2053 adspicit,

966 2061 1062 2094 dictis
1088 2059 1209 2092 sanctis

965 2109 1122 2143 doctrinis
1148 2109 1300 2153 adstruit,

961 2162 1000 2191 ut
1023 2158 1110 2200 sapit
1135 2162 1170 2191 et,
1193 2158 1304 2200 sentit,

963 2207 1050 2249 quod
1074 2216 1238 2248 nunquam
1263 2205 1393 2240 foedam

961 2256 1071 2289 labem
1099 2256 1139 2288 de
1164 2254 1252 2288 facto
1278 2257 1448 2292 contraxit.

880 2315 937 2350 Tb.
963 2315 1164 2355 Conceptum
1188 2315 1222 2347 in
1246 2317 1351 2348 matre

962 2365 1062 2398 verbo
1090 2364 1215 2405 placuit

962 2423 1037 2448 mox
1063 2414 1097 2446 in
1122 2416 1156 2446 te
1182 2422 1310 2447 carnem
1337 2424 1474 2449 sumere.

1303 2471 1344 2499 5*
