1652 2678
748 91 1013 127 —199—

209 186 268 219 2a.
297 185 396 227 Cujus
421 197 618 229 praecursor
644 199 722 223 vera

291 233 359 268 fert
377 237 497 277 gaudia

290 286 387 316 natus
411 285 578 318 ,Iohannes

291 332 449 373 baptista.

206 390 265 422 3a.
294 389 374 422 Ideo
400 390 519 423 missus
546 395 597 424 cst

291 446 396 471 novae
421 438 547 480 gratiae

291 486 446 519 nuntians
476 488 605 528 gaudia.

204 544 266 577 4a.
295 544 435 584 Accepit
459 544 514 576 hic
538 554 559 577 a
582 544 653 578 Deo

291 592 466 633 privilegia
489 593 605 626 inclita

289 648 328 672 ac
350 639 525 681 magnifica
549 650 694 683 munera,

205 697 263 731 5a.
291 698 459 740 Propheta
486 698 618 739 excelsi,

289 746 391 778 corda
414 750 528 779 nostra
551 745 678 780 irradia

203 804 223 837 6
232 812 261 836 a.
288 803 351 844 Qui
363 803 469 843 patris
479 803 578 835 solvis
589 812 727 846 organa,
739 805 755 822 *
784 838 793 847 ὲ

288 869 389 909 Quem
418 870 543 911 virgine
565 872 677 903 natum

285 918 359 951 orbi
382 918 486 960 digito
511 920 685 953 monstras.
737 921 754 937 ‘³⁵

203 978 221 1010 ’7
230 985 260 1010 a.
287 976 404 1009 Amice
430 977 553 1018 sponsi,

287 1025 414 1066 gratiae
438 1025 532 1057 testis
558 1025 592 1057 in

289 1073 390 1106 cosmi
415 1073 577 1115 machina,

200 1133 256 1166 8a.
286 1131 348 1171 Qui
373 1133 407 1163 te
431 1130 523 1163 nasci
546 1130 645 1171 jussit

283 1179 388 1219 patris
414 1182 547 1212 senecta

285 1227 363 1260 olim
388 1230 427 1260 ut
455 1229 605 1259 sanctum
629 1227 734 1261 Isaac.

912 190 971 225 2b.
995 190 1060 223 Hic
1084 190 1227 232 lucei-na,
1255 199 1351 231 quam
1377 192 1475 230 parat

995 238 1132 281 genitor,

993 289 1031 319 ut
1054 286 1124 319 nati
1147 287 1218 320 vias

995 335 1125 376 dirigat.

910 392 970 426 31).
994 393 1112 426 Sancte
1137 403 1156 426 o
1182 392 1327 436 Gabriel,

993 441 1086 474 nobis
1111 445 1148 475 tu
1172 441 1291 482 pandis

995 489 1064 529 ejus
1089 489 1237 532 insignia.

906 545 968 579 4b.
994 546 1056 586 Qui
1079 548 1193 579 matris
1218 547 1344 579 clausus
1370 545 1443 578 alvo

993 596 1136 627 sanctam
1164 595 1266 627 sensit
1289 594 1482 633 theotoca1n‚

995 642 1085 682 cujus
1110 644 1252 677 adventu
1274 641 1447 684 gaudebat.

909 699 970 732 5b.
995 697 1042 730 Et
1065 701 1138 741 regi
1163 708 1303 740 superno

993 755 1052 779 nos
1078 750 1114 779 tu
1138 748 1325 789 reconcilia,

838 834 854 850 *
878 805 894 823 '³‘
908 803 967 838 6b.
990 804 1039 837 Ut
1062 803 1208 846 baptista
1232 809 1348 846 potens

991 855 1105 884 nostra
1129 854 1253 887 munda
1275 856 1411 894 pectora

989 919 1036 952 Et
1060 919 1124 951 duc
1149 920 1192 953 ad
1218 920 1285 952 alta
1308 919 1428 952 sidera.

908 977 967 1010 7b.
992 976 1149 1016 Quoniam
1174 980 1230 1009 tua

986 1028 1113 1057 tantum
1138 1026 1293 1058 nativitas

994 1072 1123 1106 Christo
1148 1074 1280 1114 militat,

906 1130 966 1164 81).
991 1130 1101 1163 Hodie
1126 1132 1181 1163 lux
1202 1131 1267 1162 ista

991 1178 1035 1210 sit
1059 1178 1154 1211 nobis
1181 1179 1269 1211 salus

992 1235 1053 1266 per
1078 1229 1112 1258 te
1137 1226 1214 1267 fida,
1241 1227 1275 1258 in
1301 1235 1366 1267 qua
1390 1227 1532 1267 gaudent

767 1285 799 1318 9.
828 1284 967 1318 Coelica.

275 1352 360 1380 Miss.
382 1360 437 1379 ms.
458 1351 660 1388 Lugdunense
680 1360 758 1380 saec.
782 1349 828 1379 14.
850 1350 921 1379 Cod.
937 1350 982 1378 Ca
1002 1352 1035 1378 it.
1049 1351 1242 1388 Lugdunem.
1257 1350 1284 1378 A
1305 1348 1332 1378 6.
1348 1350 1383 1377 A.
1464 1350 1551 1377 Miss.

198 1391 400 1429 Lugdunense
420 1391 492 1427 imp.
513 1390 657 1426 Lugduni
682 1389 757 1419 1500
779 1391 813 1419 B.
840 1405 881 1410 —-
908 1387 962 1425 212,
985 1406 991 1413 -
1023 1390 1168 1418 nativitas
1189 1390 1225 1417 A.
1252 1405 1290 1409 —
1317 1386 1370 1423 Sa,
1395 1387 1409 1416 1
1439 1389 1458 1416 A
1482 1388 1547 1416 Deo

198 1432 309 1459 missus
328 1431 363 1458 B.
384 1446 422 1450 —
446 1428 497 1464 6a,
518 1426 537 1457 3
560 1433 731 1458 monstrans
751 1430 787 1458 A.
808 1446 848 1450 —
868 1426 920 1464 Sa,
941 1426 960 1457 3
982 1428 1055 1457 olim
1078 1430 1106 1455 ..t
1126 1431 1262 1457 ³“anotum
1282 1428 1320 1456 A.

563 1557 629 1590 266.
671 1559 706 1591 In
727 1557 909 1590 Nativitate
929 1566 952 1589 s.
974 1556 1129 1590 Johannis
1151 1558 1183 1589 Β.

908 1638 968 1672 lb.
990 1638 1077 1671 Nato
1099 1643 1205 1672 matre

287 1690 443 1723 Exsultet
467 1688 587 1729 ubique
612 1689 752 1721 mundus
994 1687 1105 1720 Sterili
1132 1691 1166 1720 et
1189 1690 1278 1719 muto
1303 1689 1399 1726 patre

346 1739 413 1771 Pro
438 1737 595 1778 baptista,
1038 1735 1103 1768 'Die
1127 1736 1201 1768 ista.

202 1800 264 1832 2a.
292 1796 439 1838 Angelus
464 1793 645 1827 Zachariae
909 1792 969 1826 ab.
994 1792 1074 1826 Cum
1102 1793 1144 1826 de
1168 1793 1241 1826 vice
1266 1793 1408 1833 tolleret,

288 1845 340 1878 De
365 1847 459 1877 tanta
483 1842 641 1884 progenie
994 1840 1088 1880 Quod
1112 1842 1280 1875 incensum
1308 1844 1442 1881 caperet

201 1643 220 1677 1
230 1651 258 1676 a.
286 1640 524 1674 Laetabundus

337 1893 429 1926 Tulit
452 1891 563 1933 fidem,
1044 1889 1139 1923 Sorte
1163 1890 1305 1931 quidem.

203 1955 261 1988 3a.
289 1951 356 1985 Sed
381 1951 458 1993 quia
480 1960 546 1983 11011
572 1949 726 1993 credidit,
911 1947 970 1983 3b.
995 1947 1056 1987 Qui
1082 1947 1264 1988 prophetae
1288 1947 1451 1990 redditur,

287 2001 393 2035 Usum
415 2000 505 2033 vocis
528 1998 678 2039 perdidit
996 1995 1132 2035 Quando
1160 1996 1404 2028 circumciditur

337 2048 526 2089 Zacharias
1044 2044 1110 2077 Hic
1133 2044 1237 2080 Elias.

201 2112 260 2144 42..
288 2108 417 2141 Nomen
442 2105 686 2147 imponentibus
908 2104 969 2138 4b.
996 2103 1181 2143 Respondit
1204 2102 1396 2135 Elisabeth:

288 2157 395 2191 Puero
421 2154 614 2196 parentibus
995 2151 1219 2193 Nequaquam,
1245 2160 1363 2183 nomen
1387 2151 1488 2183 habet

341 2203 509 2239 Genitoris
1041 2199 1128 2232 Novi
1150 2200 1261 2235 moriS.

203 2267 261 2301 5a.
288 2265 457 2300 Johannes
481 2260 662 2302 vocabitur,
910 2260 970 2294 5b.
996 2259 1062 2292 Hic
1088 2259 1164 2292 dum
1190 2259 1290 2291 vellet
1315 2258 1460 2291 scribere

995 2307 1163 2342 Johannes
1190 2317 1289 2341 senex
1316 2316 1419 2349 cerae,

996 2356 1106 2390 Sensit
1128 2358 1272 2398 linguam
1297 2357 1424 2390 solvere

1044 2405 1140 2439 Felix
1166 2415 1270 2441 omen.

290 2314 346 2347 Sic
370 2312 459 2355 patri
484 2309 699 2352 praecipitur,

289 2363 369 2398 Cum
395 2361 489 2404 prole
513 2358 716 2401 promittitur

335 2412 445 2447 Prolis
470 2417 598 2443 nomen.
