1652 2678
764 97 1029 132 —168—

601 201 670 233 220.
710 200 746 232 In
765 199 956 231 Elevatione
977 208 1000 230 s.
1021 198 1203 230 Elisabeth.

234 281 291 314 la.
319 281 425 322 Super
450 290 559 314 omnes
585 291 648 314 una
673 281 771 324 mitia
932 279 991 312 1b.
1013 279 1060 311 Et
1081 279 1235 318 junctura
1258 276 1298 310 fit
1321 277 1492 318 lignorum,

315 330 397 363 Ortu
421 339 538 370 magna
560 328 735 362 Suu-amitis
1017 326 1102 358 Dum
1130 326 1259 359 ducissa
1284 325 1525 365 Thuringorum

362 378 435 410 Duo
460 378 549 417 ligna
575 377 707 417 colligit,
1063 375 1295 414 Paupertatem
1322 373 1423 414 eligit.

231 435 288 467 2a.
315 435 435 477 Prima,
461 436 633 474 postquam
658 432 773 475 senuit,
933 432 993 465 ab.
1018 431 1146 464 Prolem
1175 432 1244 464 edit
1268 433 1439 473 geminam,

313 483 563 516 Praecursorem
587 481 707 522 genuit,
1014 479 1198 512 Masculum
1230 483 1263 512 et
1290 479 1455 521 feminam,

361 529 532 562 Elisabeth
563 527 721 568 fecunda3
1062 527 1235 560 Elisabeth
1261 528 1415 561 secunda.

230 588 285 620 3a.
312 586 434 619 Forma
463 586 573 625 nuptis
600 588 633 618 et
656 586 772 626 image,
930 585 990 619 3b.
1014 586 1082 626 Quo
1111 585 1274 631 defuncto,
1308 586 1349 618 de
1373 590 1549 627 nuptarum

313 635 390 667 Viro
418 634 520 666 servit
543 633 624 666 haec
648 633 760 674 virago
1013 633 1137 666 Fructu
1161 635 1257 679 laeta,
1285 634 1459 667 viduarum

360 682 538 722 Tamquam
565 681 647 715 Sara
672 681 822 725 subdita3
1063 682 1260 716 Transvolat
1284 683 1328 716 ad
1353 684 1480 718 merita.

230 741 291 773 4a.
315 740 465 781 Abyssus
491 739 613 781 gloriae
929 739 991 774 4b.
1015 739 1138 772 Luctus
1165 744 1197 773 et
1221 742 1360 783 gemitus

363 788 528 829 Abyssum
553 788 684 822 invocat
1063 789 1125 821 Est
1151 790 1340 832 consolatio,

309 836 348 869 In
375 846 410 869 se
434 836 595 878 miseriae,
1012 838 1194 878 Paupertas
1219 838 1355 878 spiritus

359 886 448 926 Quae
473 893 544 917 sese
571 886 710 917 collocat
1061 885 1156 918 Felix
1182 887 1345 927 possessio

408 933 446 966 In
471 933 542 965 loco
567 931 725 967 flentium.
1111 934 1235 967 Terrae
1263 935 1452 969 viventium.

230 992 287 1025 52.
314 991 408 1024 Miri:
437 990 541 1031 fulget
564 991 633 1023 vita
658 991 769 1032 signis,
929 992 988 1027 5b.
1011 992 1123 1024 Habet
1146 993 1215 1025 vita
1240 1001 1352 1025 vocem
1380 993 1476 1034 diam,

310 1040 388 1073 Plus
415 1039 572 1071 mirandis
597 1048 685 1071 mors
706 1039 842 1080 insignis
1013 1042 1137 1081 Fugam
1162 1042 1277 1082 hostis,
1304 1042 1522 1083 prophetiam,

307 1087 352 1121 Et
377 1088 501 1120 honore
521 1087 624 1120 multo
650 1087 756 1128 dignis
1013 1088 1151 1122 Dulcem
1175 1090 1245 1122 avis
1270 1090 1445 1123 melodiam

357 1136 412 1169 Ad
437 1136 612 1168 multorum
639 1136 815 1169 commoda.
1057 1137 1102 1170 Et
1126 1139 1219 1180 signa
1248 1138 1451 1173 multimoda.

226 1194 284 1226 6a.
310 1194 402 1226 Mors
429 1193 553 1226 octonis
578 1195 613 1226 in
638 1193 799 1227 defunctis
928 1194 987 1228 6b.
1014 1196 1106 1227 Auro
1131 1197 1252 1229 mundo
1281 1206 1398 1237 colpus
1416 1198 1572 1231 mundum

308 1241 355 1274 Et
378 1242 413 1274 in
438 1242 543 1282 aegris
571 1243 674 1274 claret
697 1243 821 1274 cunctis
1014 1243 1201 1277 Collocatur
1225 1246 1260 1277 in
1286 1246 1463 1279 secundum

355 1290 436 1330 Ejus
462 1288 665 1324 beneficium.
1060 1292 1341 1333 Propitiatorium.

230 1348 286 1380 ¹7a.
314 1347 368 1380 Sic
393 1349 551 1380 talentum
576 1357 674 1389 super
699 1358 822 1391 aurum,
930 1349 990 1384 7b.
1015 1349 1069 1381 Sic
1095 1350 1182 1384 oliva
1205 1352 1340 1392 pietatis

310 1396 454 1436 Duplum
479 1396 558 1437 legit
583 1397 631 1429 sic
654 1397 851 1438 thesaurum,
1012 1398 1165 1432 Paradisi
1189 1401 1367 1441 voluptatis

357 1444 491 1477 Gloriae
517 1445 668 1486 divitias;
1061 1448 1183 1480 Fertur
1208 1449 1252 1481 ad
1279 1449 1426 1484 delicias,

653 1505 684 1537 8.
713 1503 781 1543 Quo
805 1512 864 1535 nos
891 1513 1011 1547 omnes,
1033 1505 1113 1538 Jesu
1138 1505 1233 1544 bone,

712 1551 783 1584 Tua
808 1551 896 1585 dulei
920 1553 1047 1585 visione

761 1601 882 1634 Satiari
906 1600 1018 1635 facias.

300 1674 375 1702 Miss
407 1683 451 1702 ms
481 1675 696 1704 Cameracense
716 1684 794 1704 saec.
818 1674 863 1704 14.
879 1677 951 1705 Cod.
968 1676 1172 1707 Cameracens.
1196 1677 1261 1708 180.
1328 1680 1413 1708 Miss.
1431 1681 1570 1711 Gamera-

226 1721 314 1741 eense
334 1723 404 1750 imp.
424 1714 562 1742 Parisiis.
586 1713 670 1743 1542.
693 1715 728 1743 B.

486 1837 547 1869 221.
588 1839 625 1871 111
645 1839 835 1871 Inventione
856 1847 897 1872 ss.
919 1839 1097 1882 Epiphanii
1118 1842 1151 1874 et
1173 1842 1300 1875 Isidori.

613 1922 644 1955 1.
670 1921 858 1954 Laudemus
883 1923 1106 1963 Epiphaniam

671 1970 792 2003 Demus
818 1971 974 2003 mundum
999 1973 1219 2011 praeconium.

223 2028 279 2060 aa.
307 2027 433 2068 Pangat
458 2027 574 2059 chorus
599 2031 711 2060 noster
735 2028 847 2068 melos»,
924 2028 984 2061 2b.
1010 2028 1137 2060 Isidoro
1164 2038 1261 2063 causa
1286 2031 1360 2070 pari

307 2075 435 2116 Tangat
460 2076 574 2108 dulcor
598 2077 688 2116 cujus
716 2076 834 2109 caelos
1008 2076 1095 2108 Laus
1122 2085 1142 2107 a
1167 2077 1266 2110 choro
1294 2079 1393 2112 debet
1420 2082 1503 2123 dari,

224 2133 281 2166 3a.
307 2133 382 2165 Non
407 2132 538 2165 funebri
562 2133 733 2174 tragoedia
924 2132 982 2166 3b.
1004 2132 1050 2164 Hi
1077 2132 1194 2166 devote
1217 2136 1280 2168 toti
1303 2138 1363 2178 tui,

308 2181 373 2214 Sed
400 2182 520 2213 celebri
546 2181 696 2214 melodia.
1010 2179 1150 2222 Christe,
1175 2192 1236 2223 pro
1261 2187 1296 2216 te
1320 2189 1397 2218 sunt
1421 2190 1552 2223 mortui.

221 2240 278 2270 4a.
305 2238 398 2270 Haec
422 2237 571 2279 profecto
597 2238 786 2279 plenissima
923 2237 983 2270 4b.
1008 2237 1071 2269 Pro
1100 2237 1219 2272 dilecto
1246 2242 1323 2274 dum
1348 2244 1460 2279 anima

355 2287 546 2320 ostenditur
573 2286 704 2319 dilectio
1056 2285 1244 2325 Exponitur
1267 2293 1437 2332 maa-tyrio,

225 2343 283 2376 5a.
311 2343 366 2376 Sic
391 2344 549 2384 Stephani
576 2345 674 2377 debet
702 2343 775 2375 cani
925 2343 984 2376 5b.
1009 2343 1153 2376 Militum
1181 2344 1302 2379 Christi
1328 2352 1483 2388 praevius

305 2391 481 2432 Egregium
505 2392 708 2433 martyrium,
1008 2391 1164 2426 Meritum
1187 2393 1289 2426 habet
1314 2396 1441 2432 celsius.
