1652 2678
697 86 865 122 —153
927 107 967 112 -

236 180 357 227 Prosar.
379 190 433 210 ms.
454 182 656 212 Laudunense
677 192 754 213 saec.
778 182 824 213 12.
847 184 919 213 Cod.
939 184 1130 213 Laudunens.
1152 182 1258 214 263A.
1276 200 1315 205 —
1335 184 1421 213 Miss.
1444 192 1498 212 ms.

156 218 189 247 S
218 219 469 295 Rufa
490 219 542 298 {³
545 222 816 297 -232
838 221 1158 299 {azias-„³235
1165 223 1498 291 41111116ῗέιέ

156 259 469 365 {3n}muoirtantis
450 300 493 333 A,
519 302 644 337 portans
665 301 700 329 Β.
722 316 760 320 ——
780 299 835 337 6a,
857 298 876 330 3
896 300 1110 330 benedicantur
1128 302 1163 330 Β
1184 317 1223 321 -
1243 300 1338 336 7121
1364 308 1496 330 merean-

193 345 207 363 Υ

625 490 697 523 200.
738 492 782 523 De
804 494 915 524 saneta
938 491 1040 525 Clara.

161 571 218 605 la.
246 570 347 604 Sonet
371 580 433 605 vox
462 571 619 604 ecclesiae
862 572 919 607 lb.
944 574 969 607 Ο
997 572 1094 615 digna
1118 573 1301 613 memoriae,

243 618 352 659 Digna
376 618 489 652 laudes
514 619 613 653 hodie
942 622 1030 662 Quae
1056 630 1128 654 cum
1152 630 1228 662 rege
1249 621 1371 663 gloriae

245 667 389 708 Virginis
419 667 566 709 eximiae,
942 669 1087 704 Palmam
1114 669 1180 703 fers
1203 669 1370 709 victoriae,

292 714 431 748 Sanctae
458 715 585 749 Clarae,
992 717 1176 751 Gratulare.

159 775 220 807 2a.
250 772 308 806 Cui
331 782 456 806 merces
483 775 590 814 operis
860 774 919 809 ab.
943 776 1069 817 Quanto
1095 784 1192 808 carne
1217 775 1345 817 nobilis,

243 821 388 854 Solvitur
413 831 487 854 eum
510 822 650 863 superis,
942 825 1048 857 Tanto
1072 825 1174 865 magis
1199 824 1337 857 caeteris

244 869 327 911 Quia
347 879 466 911 sponso
492 869 621 909 frueriS,
941 871 1106 905 Humilem
1129 873 1280 913 puellulis

292 919 394 960 Quem
418 919 545 953 amasti.
989 920 1037 952 Te
1063 920 1201 955 donasti.

156 978 217 1010 3a.
245 976 363 1010 Adhuc
385 977 477 1018 virgo
501 979 622 1020 tenera,
857 977 916 1013 31).
945 978 1010 1011 Sub
1035 978 1204 1012 Francisci
1230 977 1369 1011 formula

240 1025 361 1058 Mundi
383 1033 540 1065 spernens
561 1035 731 1067 prospera,
939 1026 1166 1067 Relinquendo
1191 1027 1310 1068 singula

241 1073 443 1106 Poenitentis
470 1082 587 1114 aspera
941 1073 1093 1108 Perfecta
1120 1075 1281 1116 discipula

286 1120 476 1162 Suscepisti.
989 1123 1040 1155 Tu
1065 1123 1187 1156 vixisti.

155 1181 215 1213 4a.
244 1180 319 1213 Jam
345 1179 548 1221 congaudent
572 1181 689 1221 angeli,
856 1180 916 1214 4b.
940 1180 1005 1214 Hic
1026 1181 1172 1221 exemplo
1198 1180 1291 1221 vigili

240 1228 333 1268 Quod
358 1229 392 1260 in
420 1237 499 1261 sexu
525 1227 634 1270 fragili
939 1229 1009 1261 Nos
1034 1229 1069 1262 in
1093 1236 1190 1261 carne
1214 1228 1313 1261 simili

239 1275 381 1309 Fluxum
409 1276 472 1309 diri
497 1276 618 1309 saeculi
940 1277 1006 1310 Sub
1031 1277 1178 1318 procella
1201 1277 1294 1309 labili

291 1323 505 1359 Gonculcasti.
988 1324 1196 1358 Confertasti.

154 1384 213 1416 5a.
242 1383 350 1426 Clara,
378 1383 520 1415 candens
545 1382 659 1423 lilium,
855 1381 914 1417 5b.
940 1383 1005 1417 Ora
1028 1382 1091 1416 Dei
1115 1381 1229 1424 filium,

236 1430 368 1474 Forma,
394 1429 454 1464 flos
478 1430 659 1472 humilium,
939 1431 1020 1472 Spes
1046 1433 1231 1464 sanctorum
1256 1430 1390 1471 milium,

238 1479 343 1512 Tuum
367 1487 429 1521 per
451 1479 607 1513 auxilium
937 1480 984 1514 Ut
1007 1483 1082 1520 post
1105 1479 1166 1512 hoc
1193 1480 1334 1522 exilium,

286 1528 507 1563 consolemur.
988 1527 1197 1562 Goronemur.

231 1613 323 1643 Grad.
342 1623 398 1643 ms.
418 1615 611 1644 Francisnan.
632 1622 710 1643 saec.
732 1613 778 1643 14.
798 1613 870 1643 Cod.
890 1615 1033 1653 Pragens.
1053 1616 1070 1643 1
1088 1615 1116 1642 E
1139 1613 1185 1643 12.

626 1785 688 1817 201.
728 1785 772 1818 De
794 1787 905 1818 saneta
929 1785 1032 1818 Clara.

153 1868 209 1901 la.
237 1867 291 1899 En
316 1866 351 1899 in
377 1874 476 1907 regno
504 1867 662 1900 claritatis
853 1866 913 1901 1b.
935 1867 1055 1900 Juncta
1079 1876 1198 1908 sponso
1225 1867 1384 1901 castitatis

238 1915 336 1949 Clara
360 1918 477 1957 regnat
502 1924 574 1948 cum
597 1915 703 1948 beatis
937 1915 1068 1950 Gaudet
1086 1915 1209 1957 nuptiis
1235 1917 1366 1960 optatis,

286 1964 384 2006 Virgo
411 1973 482 1997 cum
508 1964 700 2007 virginibus,
982 1965 1135 1999 Aeternis
1162 1965 1374 2006 amplexibus.

154 2035 212 2067 2a.
242 2034 340 2068 Clara
364 2032 467 2074 stirpe
492 2041 650 2074 generosa
855 2034 914 2068 21).
938 2034 1031 2068 Haec
1054 2033 1266 2067 Franciscum
1290 2033 1418 2067 imitata

285 2081 390 2116 Olan's
417 2082 521 2115 claret
544 2081 682 2123 actibus,
984 2082 1103 2116 Mundi
1127 2082 1248 2124 spretis
1274 2082 1399 2126 opibus,

236 2130 413 2165 Nominata
437 2130 577 2163 necdum
599 2133 678 2164 nata
936 2131 1024 2165 Altis
1049 2130 1133 2165 votis
1160 2131 1287 2165 elevata

282 2179 345 2213 Est
369 2181 549 2221 praeventa
573 2179 735 2215 laudibus,
982 2178 1160 2214 Praevolat
1182 2180 1369 2215 virtutibus.

150 2251 210 2285 3a.
236 2249 331 2282 Haec
354 2248 389 2281 in
421 2249 564 2281 claustro
588 2249 792 2290 paupertatis
851 2247 911 2284 sb.
933 2249 1025 2282 Haeo
1048 2248 1205 2291 magistra
1231 2249 1443 2292 dominarum,

282 2298 362 2332 Sese
387 2296 520 2331 Christo
546 2296 677 2331 dedicat
980 2298 1079 2332 Felix
1102 2298 1300 2339 primiceria,

230 2347 277 2381 Et
303 2347 453 2390 exempla
475 2346 660 2380 sanctitatis
936 2346 1059 2388 Greges
1087 2346 1177 2380 ducit
1200 2348 1382 2388 puellarum

277 2398 318 2432 In
344 2397 426 2430 orbe
449 2395 657 2438 multiplicat.
969 2395 1025 2430 Ad
1050 2395 1173 2430 Christi
1198 2396 1369 2434 connubia.
