1652 2678
666 94 933 131 —217—

130 189 190 223 29..
217 188 403 224 Illustravit
433 200 596 225 carcerem

215 237 347 280 Cibans,
373 237 488 273 fovens
508 240 668 283 virginem

263 287 318 320 Sol
352 288 393 321 de
417 288 532 333 stella3

130 345 191 379 aa.
219 344 318 378 Multi
344 355 416 379 cum
439 347 624 389 Porphyrio

227 392 446 435 Triumphant
468 396 627 438 martyrio

263 439 343 474 Pari
372 441 488 483 forma,

132 499 192 532 4a.
221 499 346 533 cedrus
372 501 440 534 alta
465 501 565 544 Sinai,

219 547 321 588 Quam
347 553 557 591 sumpserunt
578 549 684 591 angeli

267 596 362 630 Valle
384 601 505 639 nostra,

134 656 195 688 5a.
224 654 318 695 Rota,
345 664 441 696 quam
466 663 544 697 gens
570 654 718 688 condidit

216 703 334 743 Prava‚
360 712 479 744 pravos
505 703 661 744 perdidit,

217 749 304 790 Vult,
334 752 409 784 dum
435 751 578 784 nondum
604 751 755 792 credidit,

263 798 347 832 Esse
377 807 474 832 caeca

129 855 189 890 6a.
216 857 358 898 Agmina
380 866 499 898 supera

215 904 350 938 Caesam
376 914 436 947 per
461 906 595 939 aethera

265 954 394 987 Ferunt
415 963 476 986 nee
502 954 608 987 credit

312 1011 390 1043 gens
414 1003 543 1036 misera.

833 191 893 227 2b.
919 192 975 226 Sol
1001 194 1050 225 est
1074 192 1136 225 Dei
1162 190 1259 233 filius,

915 241 1019 275 Stella
1042 243 1146 273 mater
1169 239 1259 272 illius

966 288 1102 331 Semper
1127 289 1226 322 clara.

834 346 894 382 3b.
917 348 964 380 Et
992 348 1104 389 regina
1130 346 1281 385 credidit,

916 396 1069 429 Nondum
1093 404 1215 436 poenas
1240 393 1399 433 reddidit,

963 444 1022 477 Fit
1045 445 1245 484 incorrupta.

832 501 892 536 4b.
917 503 990 536 Jam
1017 510 1135 543 sponso
1158 501 1334 534 immortali

915 549 972 582 Fit
998 559 1117 591 sponsa
1143 550 1184 583 de
1207 550 1338 583 mortali

967 598 1073 632 Carne
1098 601 1235 638 sumpta.

834 656 892 690 5b.
917 656 985 689 Vae
1009 656 1109 697 duris,
1136 656 1190 698 qui
1216 657 1362 697 aderant,

917 704 1103 746 Quibusque
1125 704 1336 745 contigerant,

917 752 988 785 Nec
1011 752 1127 786 molire
1148 755 1300 794 poterant

964 800 1056 834 Haec
1079 801 1260 842 praedicta.

833 858 892 892 6b.
914 859 1062 899 Virginis
1088 867 1188 899 opera

915 907 1056 940 Nostrae
1080 916 1139 939 nos
1164 906 1271 940 libera

962 955 995 988 A
1019 955 1115 995 malo,
1140 955 1230 996 virgo

1009 1012 1183 1044 puerpera.

207 1068 326 1097 Prosar.
346 1077 402 1097 ms.
422 1068 668 1097 Praedicatorum
688 1077 765 1097 saec.
787 1067 832 1097 15.
854 1069 925 1098 Cod.
946 1069 1153 1107 Andegavens.
1174 1068 1220 1099 90.
1253 1070 1340 1099 MeL:
1362 1070 1470 1099 Laeta*

131 1106 259 1135 bundus.
280 1122 319 1128 -—
338 1106 391 1143 4a,
418 1106 432 1135 1
454 1108 535 1136 Vota
557 1115 646 1145 quam
667 1116 750 1136 mens
770 1107 826 1136 Hs.
847 1123 886 1128 —-
906 1107 955 1141 5a,
977 1105 995 1136 3
1015 1117 1071 1137 nee
1092 1109 1216 1137 credunt
1235 1110 1290 1138 Hs.

545 1199 607 1235 291.
649 1201 693 1233 De
714 1201 826 1233 sancta
846 1201 1037 1233 Katharina.

129 1272 186 1306 la.
215 1271 421 1305 Gaudeamus
446 1270 506 1304 sub
531 1271 654 1305 honore

257 1330 392 1361 virginis
419 1328 566 1361 eximiae,

127 1379 183 1413 2a.
211 1377 271 1418 Qui
297 1377 345 1410 sic
370 1387 440 1411 eam
467 1378 635 1411 decoravit

256 1427 375 1459 Inclito
400 1426 557 1469 martyrio

124 1486 180 1519 3a.
209 1484 342 1525 Sprevit
365 1493 499 1526 regnum
524 1485 713 1525 temporale,

257 1533 389 1575 Sprevit
413 1533 526 1566 mundi
548 1533 677 1575 gaudia,

121 1593 182 1626 4a.
209 1591 309 1634 Virgo
339 1594 468 1625 sacrata
492 1591 563 1624 Deo

208 1640 306 1672 nullis
334 1640 476 1673 detereri

254 1689 362 1729 potuit
390 1688 591 1729 verberibus,

123 1747 182 1780 5a.
211 1746 327 1788 Neque
351 1746 479 1779 retrudi
504 1746 612 1779 timuit

256 1795 397 1828 carceris
423 1795 597 1837 ergastulo,

207 1843 290 1883 Quin
325 1845 512 1876 constanter
539 1843 764 1884 praedicasset

252 1892 386 1926 verbum
411 1892 475 1925 Dei
499 1892 631 1934 populo.

121 1951 178 1984 6a.
206 1950 408 1984 Maxentium
434 1952 602 1994 superavit

259 1999 314 2033 dei
337 2000 495 2042 potentia,

205 2047 399 2090 Despiciens
426 2051 572 2091 corporis
598 2049 647 2082 sui

254 2098 329 2131 dira
353 2098 525 2139 supplicia.

118 2157 175 2190 7a.
204 2156 229 2189 O
256 2155 352 2190 beata
376 2155 570 2197 Katharina‚

203 2204 293 2245 Quae
314 2205 384 2246 jam
409 2206 532 2246 gaudes
555 2205 591 2238 in
617 2214 760 2246 superna

251 2254 330 2288 Cum
357 2254 490 2288 coelesti
517 2254 616 2295 curia,

116 2313 174 2349 Sa.
202 2312 345 2347 Chorum
371 2315 518 2347 nostrum
543 2315 619 2346 tuae
641 2312 735 2346 laudi

198 2362 418 2396 Assistentem
441 2365 478 2395 tu
503 2361 622 2395 exaudi

247 2412 434 2454 Impetrans
460 2411 623 2451 coelestia,

828 1272 885 1305 lb.
909 1272 1124 1317 Katharinae‚
1151 1273 1374 1307 collaudantes

957 1320 1122 1355 Christum
1142 1330 1253 1362 regem
1282 1323 1415 1363 gloriae.

825 1378 885 1412 2b.
905 1378 951 1411 Et
976 1387 1047 1411 cum
1072 1380 1193 1412 sanctis
1221 1379 1391 1414 collocavit

957 1428 996 1460 In
1024 1427 1105 1460 coeli
1129 1427 1262 1469 palatio.

825 1485 884 1519 3b.
906 1484 951 1517 Et
975 1485 1125 1518 adhaesit
1149 1495 1272 1519 summo
1297 1488 1378 1529 regi,

957 1534 1017 1574 Qui
1042 1534 1202 1576 gubernat
1227 1535 1343 1568 omnia.

822 1591 883 1628 4b.
905 1591 976 1624 Nec
1000 1592 1096 1626 minis
1121 1593 1197 1625 ullis
1223 1602 1327 1635 neque

908 1640 1016 1673 verbis
1043 1641 1183 1674 emolliri

953 1689 1083 1722 blandis
1109 1698 1170 1722 nec
1194 1690 1392 1724 muneribus.

823 1746 883 1780 5b.
907 1746 977 1779 Nec
1002 1745 1151 1780 ferientis
1176 1748 1321 1788 gladium

951 1795 1071 1835 judicis
1097 1796 1277 1840 pertimuit,

907 1842 972 1876 Sed
998 1847 1164 1885 gratanter
1188 1846 1380 1887 martyrium

953 1901 1013 1933 pro
1041 1893 1170 1927 Christo
1194 1894 1359 1929 sustinuit.

823 1950 881 1985 6b.
906 1949 1003 1991 Cujus
1028 1950 1127 1984 fidem
1149 1956 1187 1984 ut
1210 1952 1352 1985 attendit

953 2002 1052 2040 atque
1075 2000 1302 2041 constantiam,

903 2047 1072 2081 Decollari
1095 2050 1266 2090 praecepit
1291 2058 1361 2083 eam

951 2106 1027 2129 mox
1051 2106 1111 2138 per
1135 2098 1304 2132 invidiam.

822 2154 880 2189 7b.
904 2155 1019 2188 Nostri
1042 2157 1100 2197 pia
1123 2156 1279 2190 miserere

902 2204 1000 2237 Nune
1025 2208 1057 2237 et
1081 2213 1211 2247 semper
1236 2209 1269 2238 et
1291 2208 1384 2240 tuere

951 2252 1004 2286 Ab
1031 2254 1119 2287 omni
1142 2254 1287 2291 tristitia.

818 2311 879 2347 8b.
902 2311 1094 2346 Recolentes
1120 2315 1211 2347 tuum
1236 2312 1355 2347 festum

899 2361 1104 2394 Hodiernum
1133 2371 1229 2403 quam
1251 2363 1420 2398 honestum

951 2410 1074 2444 Tecum
1101 2410 1164 2444 duc
1188 2412 1231 2445 ad
1256 2413 1383 2455 gaudia.
