1652 2678
781 95 1044 131 -154—

247 197 305 229 42.
335 196 433 230 Casta
456 195 601 228 membra
627 203 722 227 cruce
745 193 833 234 terit7

333 243 527 278 Crucifixum
554 243 652 276 corde
676 243 762 284 gerit

378 293 490 328 Crucis
516 300 628 325 amans
653 291 792 332 glorias3

246 353 301 385 5a.
329 352 419 392 Orat,
447 351 526 384 civis
550 350 719 389 liberatur,

331 399 417 433 Gens
442 397 581 439 profana
607 396 788 439 diffugatur‚

377 448 548 481 Pelluntur
574 443 753 477 daemonia.

245 506 302 538 6a.
328 505 435 546 Digne
457 503 540 536 tanti
564 503 744 542 reputatur,

329 552 421 592 Quod
445 550 612 583 infirmans
635 549 814 581 honoratur

374 599 491 640 Papali
513 597 715 640 praesentia3

246 660 300 691 7a.
329 657 465 691 Scandit
490 656 596 689 coelos
620 655 777 697 laureata,

331 705 410 740 Cum
433 705 539 737 beatis
561 704 630 745 Jam
655 703 761 747 beata,

378 753 525 787 Probant
548 752 730 794 mirabilia;

246 813 303 846 Sa.
331 812 431 853 Virgo
458 811 555 845 Clara

328 861 406 894 Tuis
432 869 515 902 para

377 908 513 942 Devotis
538 908 693 949 hospitia,

943 193 1005 227 4b.
1027 193 1053 226 O
1081 201 1176 233 quam
1203 191 1286 223 dura
1308 191 1466 223 vestitura

1025 240 1197 273 Macerare
1221 239 1370 271 membra
1391 248 1477 278 pura

1075 288 1156 321 Suas
1183 288 1279 320 docet
1302 286 1398 319 filias.

944 346 1003 380 5b.
1025 345 1114 378 Mire
1138 346 1232 386 panis
1258 347 1484 386 augmentatur

1028 394 1204 435 Oleumque
1231 394 1319 426 coelo
1347 394 1443 426 datur

1077 442 1239 475 Sanantur
1263 442 1460 483 languentia.
1520 468 1529 474 ,

944 500 1002 534 (5b.
1027 501 1060 532 A
1085 500 1198 542 regina
1223 500 1384 541 visitatur,

1027 548 1221 582 Transitura
1245 548 1401 589 palliatur

1073 597 1244 639 Virginum
1274 597 1417 631 solertia.

944 655 1003 689 7b.
1025 655 1114 688 Luce
1139 656 1229 688 clara
1253 655 1406 697 vocitata,

1027 703 1125 745 Cujus
1152 704 1253 737 claret
1280 704 1434 737 decorata

1076 752 1230 786 Floribus
1257 752 1405 785 ecclesia.

944 811 1005 846 sb.
1025 811 1089 843 Per
1114 813 1148 843 te
1173 811 1250 844 data

1028 859 1101 892 Sint
1125 862 1238 900 optata

1080 907 1184 948 Salus,
1212 908 1313 949 quies,
1340 907 1454 949 gloria.

319 977 438 1005 Prosar.
459 976 649 1004 Franciscan.
671 983 749 1003 saec.
771 972 847 1003 13‘14.
866 974 937 1002 Cod.
957 975 1120 1003 Parisiens.
1144 972 1229 1003 1339.

705 1087 776 1119 202.
817 1088 862 1119 De
883 1088 996 1119 sancta
1018 1087 1122 1119 Clara.

247 1161 303 1194 la.
329 1160 443 1194 Novae
467 1160 549 1193 lucis
575 1159 687 1193 radius

376 1210 416 1242 In
442 1209 579 1241 excelsis
606 1208 720 1249 oritur,

329 1257 405 1290 Sole
430 1256 534 1298 fulget
559 1257 688 1300 clarius,

379 1305 474 1339 Clare
498 1306 569 1338 Deo
595 1304 724 1337 fruiturr

244 1366 303 1397 2a.
330 1363 417 1397 Dum
441 1365 545 1395 mater
569 1367 771 1403 pavesceret‚

326 1412 380 1445 Ne
404 1414 502 1452 partu
527 1410 690 1451 deficeret,

377 1460 516 1493 Audivit
539 1459 715 1500 oraculum,

246 1520 301 1552 3a.
331 1518 444 1552 Carnis
470 1518 679 1559 supercilium

327 1567 471 1600 Domans
497 1576 557 1607 per
577 1567 735 1607 jejunium

374 1615 427 1648 Ab
454 1618 562 1648 aetate
586 1618 709 1658 tenera,

243 1675 302 1707 4a.
330 1674 412 1707 Toto
434 1674 551 1706 mentis
577 1673 686 1706 studio

330 1723 508 1756 Inhaerens
533 1722 670 1764 vestigio

378 1771 523 1812 Virginis
549 1769 774 1811 Christiferae,

244 1830 303 1863 5a.
328 1829 421 1863 Haec
444 1829 616 1862 Francisci
641 1829 790 1870 plantula

329 1878 371 1911 Se
397 1878 505 1911 celans
530 1878 565 1911 in
590 1878 708 1911 cellula

377 1927 591 1960 Dominarum
615 1935 805 1968 pauperum,

246 1985 302 2018 6a.
330 1985 370 2018 In
395 1986 544 2026 supernis
570 1985 703 2019 sedibus

326 2032 431 2075 Virgo
458 2043 530 2066 cum
558 2034 738 2075 virginibus

381 2082 479 2116 Clara
505 2083 592 2115 clare
617 2082 738 2122 radias,

943 1158 1006 1194 lb.
1031 1159 1129 1193 Clara
1151 1158 1282 1199 quidem
1310 1158 1441 1191 nomine

1076 1207 1142 1241 Sed
1166 1207 1290 1240 virtute
1316 1207 1445 1247 clarior,

1028 1256 1172 1288 Illustris
1197 1255 1379 1297 propagine

1077 1303 1142 1337 Sed
1168 1304 1267 1345 gestis
1291 1304 1461 1337 illustrior.

944 1362 1003 1395 2b.
1028 1362 1120 1402 Quod
1145 1362 1253 1394 lumen
1278 1362 1476 1402 produceret

1029 1410 1174 1450 Clarum,
1199 1411 1286 1451 quod
1313 1410 1509 1443 claresceret

1077 1459 1274 1494 Universum
1299 1460 1473 1493 saeculum.

945 1518 1004 1553 ab.
1028 1517 1094 1550 Sub
1121 1517 1249 1559 fulgore
1272 1518 1411 1550 vestium

1029 1566 1166 1600 Celabat
1191 1566 1332 1599 cilicium

1076 1615 1324 1656 Parvipendens
1350 1624 1519 1656 prospera.

944 1673 1004 1707 4b.
1025 1673 1197 1707 Francisci
1223 1673 1358 1706 consilio

1029 1722 1098 1755 Soli
1120 1722 1185 1755 Dei
1207 1721 1275 1755 filio

1077 1771 1264 1812 Praeelegit
1290 1771 1410 1804 vivere.

946 1829 1007 1864 5b.
1029 1830 1223 1863 Mansuram
1247 1839 1307 1870 per
1332 1831 1466 1864 saecula

1029 1879 1201 1912 Inchoavit
1225 1879 1367 1920 primula

1082 1928 1239 1962 Ordinem
1263 1926 1461 1969 florigerum.

946 1986 1007 2020 6b.
1030 1986 1110 2018 Tuis
1135 1986 1257 2018 sanctis
1282 1986 1435 2027 precibus

1029 2035 1137 2075 Junge
1166 2035 1248 2067 coeli
1275 2035 1399 2068 civibus

1077 2082 1214 2116 Fratres
1237 2086 1336 2125 atque
1360 2083 1456 2117 filias.

321 2149 407 2177 Miss.
428 2158 482 2177 ms.
502 2148 843 2177 Romano-Rancisean.
865 2156 942 2176 saec.
967 2147 1011 2177 14.
1034 2149 1105 2178 Cod.
1128 2150 1408 2187 Carpentoraetens.
1432 2149 1498 2180 107.

716 2242 785 2274 203.
815 2242 859 2274 De
880 2243 993 2274 sancta
1016 2242 1119 2275 Clara.

248 2311 266 2345 1
279 2321 308 2344 a.
334 2314 536 2346 Inclarescat
558 2313 710 2354 melodia,

333 2361 430 2394 Clara
456 2362 563 2395 cordis
585 2362 755 2394 harmonia

381 2409 498 2443 Clarae
522 2411 579 2443 det
600 2410 786 2451 praeconia,

948 2314 1007 2348 lb.
1031 2314 1173 2348 Concors
1199 2316 1261 2349 soli
1286 2316 1482 2357 symphonia

1031 2363 1134 2396 Trina
1154 2364 1224 2404 poli
1247 2364 1436 2398 hierarchia

1080 2411 1264 2453 Depromat
1286 2413 1444 2453 tripudia.
