1652 2678
712 84 952 132 *77—

188 194 249 226 9a.
275 191 407 226 Laudes
434 202 509 235 ergo
535 193 671 227 mirifice

271 240 398 275 Mariae
422 241 653 284 permagnifice

321 290 394 323 Vox
419 300 554 325 amoena

164 358 246 391 loa.
274 358 319 390 Et
341 362 377 391 tu
403 359 484 391 coeli
509 360 651 401 regione,

274 406 371 448 Virgo
397 409 501 440 mater
524 408 627 449 prolis
650 408 765 449 bonae,

323 455 507 489 Clementer
533 457 711 500 expostula,

892 194 950 228 ab.
974 195 1109 235 Psallat,
1141 195 1209 235 eJus
1233 194 1407 235 praeconia

974 243 1126 276 Laudans
1150 244 1243 283 petat
1266 241 1418 283 suffragia

1019 291 1118 326 Plebs
1142 300 1252 333 egena.

865 360 948 394 lob.
971 359 1009 392 In
1036 361 1207 399 conspectu
1234 359 1348 391 summi
1374 357 1460 398 regis

972 407 1179 440 Professores
1203 415 1316 440 sacrae
1338 407 1419 448 legis

1019 457 1169 497 Regnare
1193 465 1254 497 per
1277 456 1416 489 saecula.

239 540 324 569 Miss.
345 550 400 569 ms.
415 541 612 570 Vedastinum
633 551 711 570 saec.
734 540 779 569 15.
795 541 866 570 Cod.
883 542 1071 570 Atrebatem.
1093 539 1158 569 517.
1183 542 1249 570 add.
1280 549 1352 569 saec.
1371 538 1449 568 1⁵¹1e.
1465 554 1505 560 —

159 579 232 608 Mel.
255 579 395 609 offenbar.
436 580 472 608 In
493 581 615 609 coelesti
636 579 813 609 hierarchia.

604 740 649 772 92.
690 741 734 773 De
754 739 947 773 Visitatione
968 741 1058 773 BMV.

157 824 215 855 la.
242 822 283 854 In
307 822 462 855 concordi
487 822 639 864 melodia,

242 870 368 911 Gordis,
395 870 460 902 oris
486 870 681 915 symphonia

242 918 407 952 Jubiletur
431 927 511 951 voce
532 928 589 960 pla

287 967 351 999 Dei
375 966 553 1003 miseratio,

159 1036 218 1069 aa.
243 1036 317 1068 Hac
342 1036 375 1067 in
403 1035 456 1067 die
479 1036 574 1076 plebs
599 1035 748 1074 laetetur,

239 1083 361 1116 Mentis
381 1083 457 1125 piae
482 1084 552 1116 laus
580 1083 718 1116 donetur

240 1130 286 1163 Et
310 1131 439 1164 Mariae
464 1133 634 1164 comitetur

291 1180 350 1212 Pia
374 1179 528 1213 visitatio.

157 1249 214 1282 3a.
241 1248 316 1281 Non
341 1248 492 1282 tumescit
515 1247 574 1281 sed
599 1250 766 1288 stupescit,

239 1296 322 1336 Quia
346 1297 402 1338 pia
426 1297 530 1329 virum
557 1296 670 1339 nescit,

237 1345 319 1377 Tam
343 1345 516 1386 praeclara
540 1354 635 1386 quam
661 1345 784 1386 ignara,

285 1393 450 1434 Quomodo
477 1393 648 1433 concipiat.

858 1036 917 1069 2b.

856 1248 915 1282 3b.

860 823 923 858 lb.
947 822 1020 856 Oda
1042 823 1162 859 laudis.
1188 827 1263 856 acta
1285 824 1342 864 pia

942 871 1029 904 Hinc
1053 872 1234 913 procedant
1257 880 1325 903 cum
1353 871 1477 913 sophia,

943 919 1123 953 Veneretur
1147 924 1179 952 et
1202 920 1310 953 Maria

991 969 1057 1001 Dia
1082 977 1153 1000 cum
1179 968 1304 1001 solatio.

941 1036 1135 1077 Approbata
1159 1036 1249 1077 virgo
1274 1045 1358 1076 pura

942 1083 1088 1117 Salutata
1113 1083 1152 1116 fit
1179 1093 1303 1124 secura,

941 1132 1033 1171 Quod
1058 1131 1157 1165 affata
1180 1134 1289 1165 mente
1314 1142 1396 1172 pura

988 1181 1105 1213 Vatum
1132 1189 1203 1213 esse
1226 1180 1324 1214 natio.

938 1247 1040 1281 Novit
1063 1246 1181 1281 flamen
1207 1251 1240 1280 et
1264 1248 1427 1288 spiramen

938 1295 1093 1329 Sanctum
1110 1299 1245 1338 tanturn,
1267 1296 1370 1330 intrat
1386 1300 1496 1329 tamen

937 1345 1026 1378 Hinc
1050 1345 1221 1386 praeclara
1245 1344 1335 1386 virgo
1361 1354 1463 1387 gnara

986 1395 1070 1427 Feta
1094 1392 1132 1426 fit
1154 1396 1191 1426 ut
1214 1393 1332 1435 pariat.

149 1464 207 1496 42.
234 1461 287 1494 En
314 1471 409 1503 quam
434 1462 507 1503 pia,
533 1471 628 1503 quam
654 1461 793 1502 benigna
852 1461 912 1495 410.
936 1460 1077 1503 Sui-gens
1103 1461 1173 1494 abit
1196 1461 1231 1494 in
1255 1464 1409 1494 montana

232 1509 313 1542 Fuit
335 1511 399 1544 ista
423 1514 528 1543 mater
555 1510 662 1553 digna,
934 1509 1010 1542 Non
1036 1509 1174 1550 vestigia
1192 1519 1254 1550 per
1277 1510 1377 1550 plana

235 1558 371 1592 Sumens
395 1559 506 1598 verba,
531 1567 667 1592 noscens
688 1559 790 1601 signa,
936 1557 1000 1591 Sed
1026 1559 1260 1591 transcendens
1284 1556 1351 1590 fide
1376 1567 1454 1591 sana

283 1607 427 1641 Visitans
453 1607 634 1640 Elisabeth.
982 1608 1192 1640 Festinanter
1215 1607 1365 1648 ipsamet.

150 1677 211 1711 5a.
238 1674 401 1708 Salutavit
423 1676 584 1708 seniorem
852 1676 911 1709 5b.
938 1674 1150 1708 Consecravit
1172 1674 1314 1708 nondum
1339 1677 1452 1707 natum

235 1723 360 1765 Junior‚
387 1724 492 1764 major
516 1724 684 1763 minorem,

233 1771 366 1804 Plasma
390 1772 482 1805 novit
505 1773 736 1813 plasmatorem

279 1820 326 1853 Et
349 1820 469 1853 ancilla
491 1819 661 1853 dominam.

147 1890 204 1924 ea.
234 1889 260 1922 O
286 1888 405 1934 Maria,
432 1888 529 1921 stella
552 1887 660 1931 maris,

231 1938 320 1977 Quae
344 1937 461 1978 perpia
485 1938 587 1970 solem
611 1937 712 1978 paris,

227 1986 296 2021 Nos
322 1987 357 2019 in
382 1986 456 2021 viae
481 1986 633 2019 salutaris

276 2034 394 2069 Portas
420 2035 482 2067 duc
508 2039 598 2067 trans
623 2035 735 2069 maria.

143 2106 200 2139 7a.
227 2103 277 2136 Tu
302 2112 361 2136 nos
387 2102 465 2136 audi
489 2102 722 2145 supplicantes,

227 2152 319 2185 Tuae
344 2151 435 2185 laudi
461 2161 547 2184 nunc
567 2152 745 2194 adstantes,

225 2201 273 2235 Ut
297 2211 318 2234 a
342 2200 441 2234 sorde
464 2210 523 2233 nos
548 2201 734 2234 mundando

225 2250 338 2292 Teque
365 2250 464 2283 corde
489 2249 650 2283 visitando

271 2300 365 2342 Jugis
391 2299 435 2332 sit
458 2298 622 2334 memoria.

850 1889 911 1923 6b.

847 2105 907 2139 712.

935 1725 1009 1758 Jam
1035 1727 1209 1764 conceptus
1235 1726 1467 1764 consecratum,

936 1772 1039 1806 Novit
1061 1776 1167 1804 mater
1193 1771 1368 1804 exaltatum

983 1820 1088 1862 Seque
1110 1820 1210 1853 donat
1230 1820 1379 1853 comitam
1398 1816 1488 1866 [sic].

934 1888 1040 1922 Visita
1064 1897 1122 1922 nos
1147 1888 1281 1929 pietate,

933 1937 1047 1970 Solida
1070 1946 1130 1970 nos
1157 1938 1303 1978 caritate,

931 1985 1086 2019 Conforta
1110 1995 1168 2018 nos
1193 1985 1338 2019 bonitate

980 2035 1041 2068 Tui
1064 2043 1200 2075 morum,
1226 2034 1344 2070 Maria.

929 2104 995 2137 Ora
1019 2104 1135 2148 Deum,
1159 2101 1240 2148 jube
1264 2106 1351 2145 nato,

930 2152 1040 2186 Solvet
1065 2161 1157 2185 reum
1184 2153 1225 2185 de
1249 2156 1393 2192 peceato.

927 2201 975 2235 Ut
999 2202 1062 2234 hac
1086 2201 1154 2234 vita
1178 2201 1353 2234 terminata

930 2251 980 2285 Sit
1005 2251 1109 2291 petita
1131 2250 1226 2283 nobis
1251 2250 1328 2283 data

978 2298 1184 2341 Sempiterna
1209 2299 1322 2341 gloria.

217 2388 291 2418 Clm.
323 2388 497 2416 Monacens.
526 2386 576 2423 (01.
607 2386 904 2424 Sanemmeramens.)
938 2385 1045 2416 14926.
1077 2395 1153 2416 saec.
1181 2385 1225 2415 15.
1265 2387 1323 2415 Mit
1349 2389 1418 2418 Mel.
1448 2404 1486 2409 —

134 2428 190 2466 2b,
213 2429 231 2459 3
252 2437 296 2465 sq.
318 2427 575 2456 unverstaudlieh.
593 2443 633 2447 —-
654 2424 705 2464 3a,
725 2425 746 2456 4
767 2428 924 2465 concipiet.
