1652 2678
624 84 768 119 ——24

72 183 129 215 621.
157 180 204 213 Et
227 182 357 214 sanctus

157 229 291 269 spiritus
319 230 486 263 columbae
511 230 621 271 speeie

158 285 341 318 comparem

156 334 191 358 se
217 327 371 360 clamitat.

154 374 264 407 Hodie
288 375 451 415 nuptiales

153 422 313 456 thalamos
338 423 495 456 Dominus

154 470 369 504 sanctificavit

155 523 285 552 vertens
310 519 345 551 in
369 519 479 551 vinum
503 516 645 556 flumina,

73 587 128 619 721.
158 587 365 627 Quaesumus,

152 634 221 673 J'am
241 644 300 667 nos
326 635 453 675 respic-e
478 635 522 673 tu,

154 683 258 722 pater,
286 685 319 714 et
344 682 429 714 viam
454 681 581 723 patriae

154 738 315 769 supernae
339 730 535 770 demonstra,

71 798 130 830 8a2
158 795 217 836 Tu,
248 797 353 837 patris
378 796 476 838 filius,

157 843 288 877 humilis
314 846 427 885 populi

155 892 233 925 audi
256 893 347 926 voeis
373 894 510 933 cantica,

770 182 828 215 6b.

772 583 830 617 7b.

771 796 831 830 8b.

850 179 1004 220 Stupidos

856 226 1025 260 vetustatis
1050 226 1158 266 latice,

855 275 961 307 subito

856 322 1001 355 efficiens

856 371 1001 412 sapidos,
1027 369 1176 403 omnibus
1203 372 1234 402 et

855 419 1044 460 propinavit
1067 421 1199 450 sanctae

853 469 1003 507 praemia
1026 466 1114 499 vitae

854 524 994 557 porgens
1019 514 1185 555 sanguinis
1210 514 1338 554 pocula.

855 583 904 616 Ut
927 585 1016 615 recto

856 640 986 672 semper
1010 631 1197 672 gradientes

857 688 953 712 curru
977 688 1160 712 mereamur
1185 686 1285 719 regna

856 728 1015 760 scandere
1039 727 1220 768 praecelsa.

857 795 901 827 Et
927 797 1039 828 sancto
1065 795 1206 835 petimus

854 841 1003 876 flamineo
1028 843 1148 883 spiritu

856 901 953 924 voees
977 894 1111 924 nostrae
1136 891 1319 931 concinant,

537 961 567 993 9.
595 959 642 993 Ut
666 959 727 991 ‘t-ibi
750 960 873 1001 jugiter

595 1007 800 1040 concinentes

596 1056 729 1088 veniant
755 1056 799 1088 ad
825 1056 954 1096 gaudia.

144 1132 235 1168 Trop.
262 1141 316 1160 ms.
343 1132 544 1161 Novalieense
572 1140 649 1160 saec.
680 1130 724 1159 11.
758 1132 830 1160 Cod.
852 1130 1013 1160 Oxoniens.
1041 1131 1145 1160 Douee
1171 1128 1237 1158 222.
1259 1147 1298 1151 -
1317 1129 1374 1164 21),
1399 1129 1413 1158 1

65 1171 138 1199 Prae
156 1179 215 1207 vepe
243 1172 372 1207 poni'mr.
395 1186 429 1190 —
451 1169 511 1205 ab,
534 1168 552 1198 2
582 1179 666 1207 reges
695 1169 853 1204 (hodierna
877 1168 1017 1206 mystica)
1038 1170 1215 1208 adcurrunt,
1243 1179 1339 1208 gegen
1360 1170 1413 1198 das

64 1210 226 1238 Versmass.
325 1207 375 1245 6a,
399 1208 414 1237 1
437 1219 480 1247 sq.
508 1211 611 1238 sancto
641 1211 751 1246 spiritu
778 1234 781 1237 .
805 1234 808 1240 .
832 1231 838 1237 .
860 1211 1002 1246 speeiem3
1031 1208 1217 1238 Uberschuss
1248 1218 1308 1238 von
1339 1210 1413 1237 zwei

69 1248 182 1277 Silben.
204 1265 241 1268 ——
262 1248 280 1275 7
286 1257 313 1285 a,
334 1246 354 1276 4
374 1257 464 1285 super
485 1250 515 1276 et
534 1248 713 1277 demonstra.

532 1370 572 1401 21.
614 1371 660 1403 De
679 1369 862 1412 Epiphania
885 1371 943 1403 DN.

514 1438 672 1469 Dominica
701 1438 782 1469 infra
812 1438 962 1470 Octavam.

589 1520 620 1552 1.
647 1518 767 1559 Replet
792 1528 878 1552 nova

644 1567 714 1600 <lies
738 1567 867 1600 laetitia

641 1615 787 1648 fidelium
814 1616 924 1657 corda,

769 1683 828 1717 2b.
852 1683 878 1716 O
904 1684 1001 1716 nimis
1027 1683 1221 1716 admiranda

853 1732 930 1764 talis
955 1731 1072 1775 gratia,

853 1784 965 1821 stupet
989 1781 1129 1813 humana

853 1838 943 1862 mens
969 1828 1013 1862 ad
1038 1829 1120 1862 haec
1146 1830 1241 1863 dona.

69 1684 124 1716 2a.
153 1681 258 1714 Natus
285 1683 335 1714 est
358 1681 446 1713 Deus
472 1682 506 1715 in
532 1691 593 1722 qua

152 1739 278 1770 pauper
302 1730 337 1762 in
361 1732 462 1770 terra,

154 1780 191 1809 ub
214 1787 273 1810 nos
299 1786 440 1817 superna

154 1825 237 1858 ditet
252 1825 365 1867 gloria.

854 1895 948 1928 Salus
975 1899 1024 1929 est
1049 1897 1144 1930 nobis
1170 1901 1243 1930 orta

852 1943 887 1975 in
912 1945 994 1977 urbe
1018 1944 1190 1978 Davidioa.

769 2011 829 2046 41),
851 2011 961 2043 Mater
985 2012 1119 2049 intacta,

852 2062 925 2098 post
951 2062 1082 2100 partum

901 2116 1035 2141 manens
1060 2109 1230 2152 inviolata,

854 2157 931 2188 nato
957 2160 1012 2190 tuo

903 2205 1069 2246 supplices
1097 2209 1300 2242 commenda.

508 2272 540 2304 5.
569 2270 647 2303 Cum
674 2278 736 2310 quo
761 2279 821 2310 per
843 2273 973 2305 saecula

566 2319 726 2351 laetemur
750 2318 958 2360 sempiterna.

68 1896 123 1928 Sa.
152 1892 244 1925 Haec
269 1895 344 1926 sunt
372 1894 564 1927 annuntiata
770 1896 830 1929 3b.

153 1950 213 1982 per
238 1941 387 1983 angelum
412 1941 540 1983 gaudia,

68 2012 125 2044 4a.
153 2008 249 2041 Felix
273 2009 381 2042 Maria

151 2055 323 2099 proferens

202 2106 282 2138 haee
306 2106 426 2139 mundo
455 2105 622 2139 miracula.

153 2154 278 2187 lactans
306 2163 387 2195 eum,

202 2212 263 2243 per
289 2211 383 2244 quem
410 2212 443 2235 es
470 2204 588 2235 creata.

145 2395 230 2424 Miss.
251 2395 505 2424 Fontebraldense
526 2396 596 2432 imp.
618 2395 745 2424 Parisiis
768 2392 852 2423 1534.
