1652 2678
749 111 1016 147 —329-

231 206 296 239 Va.
322 206 460 239 Praesul
484 206 563 239 item
589 208 718 242 ducitur

320 253 365 286 Et
391 252 470 287 feris
497 257 680 298 exponitur,

371 302 427 335 Sic
448 303 543 343 jubet
566 305 779 347 Porphyrius,

230 361 295 394 Sa.
321 360 427 393 Maris
452 360 554 395 fundo

320 408 407 441 Nam
432 410 574 443 secundo

369 456 460 490 Deus
485 458 571 491 hunc
597 459 727 501 eripuit,

236 515 297 548 9a.
325 514 390 548 Sed
415 524 476 547 nec
500 516 704 557 Porphyrius

321 563 460 596 Immitis
486 565 626 605 amplius

368 611 514 653 Usquam
544 614 736 656 comparuit,

205 668 292 702 wa.
318 669 448 702 Aderat
473 670 542 710 jam
567 671 735 713 terminus,

372 717 458 750 Sede
483 727 545 759 quo
575 718 704 752 siderea

319 765 588 806 Triumphantem
613 766 770 800 Dominus

369 813 549 846 Coronaret
576 814 698 848 laurea.

209 871 294 905 Ila.
322 871 384 904 Vir
409 871 515 913 beate,
542 872 594 905 vir
618 872 767 914 insignis,

320 919 419 959 Cujus
444 920 512 952 late
536 919 640 962 fulget
662 922 773 966 signis,

370 967 493 1001 Civitas
517 968 683 1011 Mevania,

939 210 997 244 7b.
1020 210 1161 250 Quarum
1187 210 1395 244 famulamine

1022 258 1260 301 volucrumque
1288 260 1431 293 carmine

1072 306 1203 341 Solatur
1229 308 1429 341 Vincentius

938 364 1000 399 sb.
1021 364 1105 397 Nam
1134 364 1329 406 profundam

1019 412 1131 446 Tellus
1156 414 1276 446 undam

1070 460 1150 494 Mox
1174 465 1288 503 aperta
1311 461 1446 494 sorbuit.

938 518 999 551 9b.
1022 518 1078 552 Sic
1100 528 1178 552 auro
1204 520 1316 560 purius

1021 567 1136 600 Victor
1159 568 1348 600 Vincentius

1070 616 1110 648 In
1135 616 1247 657 poenis
1275 616 1391 648 claruit

915 672 958 706 10
969 671 999 706 b.
1023 671 1136 706 Carnis
1163 683 1238 715 ergo
1264 682 1394 706 carcere

1069 721 1163 755 Mens
1189 722 1286 755 beata
1309 722 1423 763 libera,

1021 769 1120 802 Nullo
1137 771 1245 811 gravis
1263 779 1361 803 onere

1068 816 1172 851 Laeta
1196 819 1325 851 scandit
1349 818 1492 850 aethera.

914 874 997 907 11b.
1021 875 1091 915 Ope
1116 876 1172 919 tui,
1198 885 1293 916 quam
1319 884 1500 916 precamur,

1021 924 1143 956 Tecum
1170 922 1234 956 frui
1258 932 1439 956 mereamur

1069 971 1157 1004 Vera
1181 972 1263 1004 coeli
1287 972 1400 1013 gloria.

285 1053 371 1082 Miss.
399 1063 453 1082 ms.
474 1054 627 1091 Pragense
645 1056 662 1085 I
681 1057 710 1084 D
731 1054 779 1085 33.
800 1065 878 1085 saec.
901 1055 946 1086 15.
968 1073 1005 1078 —
1026 1055 1080 1091 2a,
1096 1056 1116 1086 4
1136 1059 1174 1087 ab
1196 1068 1225 1087 ec
1252 1059 1383 1095 erganzt.
1402 1073 1440 1077 —
1461 1055 1513 1091 9b‚
1533 1055 1548 1085 1

208 1092 269 1120 Hic
285 1101 357 1121 auro
379 1092 436 1121 Hs.
456 1109 497 1114 ——
518 1091 552 1121 11
562 1102 588 1128 a,
611 1091 630 1122 3
650 1097 791 1124 menania
811 1095 867 1124 Hs.

634 1227 705 1260 435.
746 1226 791 1259 De
811 1228 919 1260 sancto
940 1227 1118 1260 Vincentio.

200 1306 264 1339 la.
292 1305 398 1338 Melos
423 1306 516 1338 cordi
541 1314 715 1339 consonum

340 1354 422 1395 Regi
448 1354 565 1386 chorus
590 1353 716 1396 offerat,

289 1402 451 1435 Potestati
477 1402 669 1436 daemonum

339 1450 401 1491 Qui
424 1453 577 1491 potenter
600 1451 742 1492 imperat

387 1499 573 1540 Imperator
595 1500 746 1533 omnium.

199 1559 266 1592 2a.
292 1558 405 1598 Ipsum
430 1566 539 1598 regem
564 1558 687 1598 gloriae

339 1604 503 1639 Confitens
528 1606 719 1640 Vincentius

291 1654 329 1686 In
355 1654 525 1686 tormentis
550 1654 648 1686 hodie

339 1702 446 1735 Tanto
470 1702 552 1734 vicit
575 1701 703 1745 fortius,

389 1751 515 1790 Quanto
540 1751 614 1791 plus
639 1752 802 1786 sustinuit.

202 1811 267 1845 3a.
293 1809 391 1842 Ferri
418 1809 588 1841 candentis
613 1809 745 1851 lamina,

291 1858 411 1891 Testae
437 1857 573 1890 calentis
599 1855 761 1900 fragmina

341 1906 580 1948 Asperitasque
605 1904 776 1948 fragminis

202 1967 264 2000 4a.
293 1965 439 2006 Torquet
461 1966 568 1997 tortor
590 1973 707 2006 corpus
729 1973 847 2006 assum,

289 2014 412 2055 Ignem,
434 2012 568 2053 ferrum,
584 2013 692 2046 vincla
705 2022 847 2054 passum,

290 2062 345 2095 Sic
369 2062 511 2103 insurgit
535 2062 594 2094 sed
618 2061 654 2095 in
680 2071 807 2095 cassum

336 2111 451 2144 Victus
476 2111 512 2143 in
536 2111 731 2146 vincentem.

201 2173 261 2204 52.
288 2170 327 2203 In
353 2172 478 2202 tortore
502 2168 541 2202 fit
567 2167 714 2202 defectus

289 2219 550 2257 Tormentorum,
577 2226 653 2250 nam
679 2217 811 2250 effectus

337 2267 411 2300 Non
430 2266 586 2308 perducit
603 2266 646 2299 ad
666 2265 846 2307 defectum3

201 2328 260 2362 6a.
288 2328 431 2361 Poenam
453 2325 540 2367 ignis
566 2326 651 2357 teste
676 2325 759 2359 ferri

286 2376 419 2417 Martyr
444 2383 542 2417 aegre
566 2372 633 2406 fert
659 2373 784 2407 differri

336 2425 508 2458 Tortorem
534 2424 659 2457 lentum
684 2432 832 2469 arguens,

910 1307 969 1340 1b.
990 1307 1077 1340 Dum
1102 1309 1254 1341 misertus
1280 1308 1406 1340 miseris

1041 1355 1151 1388 Morte
1172 1359 1310 1389 mortem
1333 1358 1467 1397 superat

994 1403 1223 1445 Foederatque
1248 1405 1385 1445 superis,

1042 1452 1128 1493 Quos
1155 1452 1256 1486 Satan
1280 1453 1438 1495 illuserat,

1090 1500 1186 1533 Adae
1211 1510 1354 1542 purgans
1379 1501 1504 1533 vitium.

908 1557 969 1592 ab.
992 1557 1147 1600 Daciane,
1175 1558 1300 1592 crucias

1040 1606 1222 1648 Martyrem
1248 1607 1465 1650 Vincentium,

995 1655 1077 1694 Quia
1101 1664 1161 1695 per
1183 1655 1361 1688 blanditias

1041 1703 1205 1737 Christum
1230 1703 1294 1736 Dei
1318 1702 1421 1736 filium

1087 1751 1233 1784 Diffiteri
1257 1751 1373 1785 noluit.

908 1809 968 1843 3b.
992 1809 1129 1842 Carnem
1147 1810 1279 1842 domant
1296 1819 1359 1842 non
1373 1809 1524 1850 spiritum

992 1857 1064 1890 Nec
1088 1859 1253 1890 minantur
1274 1858 1443 1890 interitum

1041 1906 1211 1940 Interioris
1236 1906 1386 1940 hominis.

909 1964 972 1999 4b.
994 1964 1125 2005 Martyr
1151 1964 1247 2005 enim,
1273 1965 1352 1997 licet
1373 1965 1491 2006 justus,

995 2012 1061 2053 Spe
1090 2021 1227 2046 coronae
1251 2012 1288 2046 fit
1314 2013 1466 2046 robustus

991 2061 1062 2095 Nec
1091 2061 1246 2102 injustum
1271 2062 1364 2094 timet
1385 2062 1504 2103 justus,

1040 2109 1173 2143 Patiens
1199 2109 1370 2145 furentem.

909 2168 969 2202 5b.
990 2168 1099 2209 Illum,
1128 2169 1218 2209 cujus
1245 2172 1295 2201 est
1319 2168 1464 2207 affectus,

990 2217 1039 2251 Ut
1063 2217 1105 2249 sit
1131 2216 1226 2250 fortis
1252 2220 1286 2249 et
1309 2216 1485 2258 perfectus.

1040 2265 1133 2299 Nihil
1154 2265 1278 2298 habens
1294 2264 1532 2306 imperfectum.

908 2324 970 2360 6b.
994 2323 1064 2357 Sibi
1091 2333 1248 2365 quaerens
1273 2333 1349 2357 mox
1373 2323 1500 2364 inferri,

992 2372 1158 2413 Quidquid
1183 2374 1276 2414 pejus
1305 2376 1415 2414 potest
1434 2372 1523 2413 ferri,

1039 2421 1198 2455 Fructum
1218 2431 1395 2463 perennem
1408 2422 1548 2455 intuens,
