1652 2678
644 112 911 148 -310—

107 215 165 249 82.
191 213 298 254 Flete,
320 215 431 254 gentes
455 212 613 253 perfidae,
805 209 864 244 8b.
889 209 965 242 Non
988 208 1168 241 vindictam
1193 206 1333 248 replicat

190 261 348 294 Duriores
373 261 495 302 lapide,
885 257 958 290 Nee
981 259 1019 288 ut
1042 263 1116 289 reos
1139 255 1277 296 jndicat,

193 309 281 350 Quae
307 309 439 342 coelesti
465 307 601 350 Jaspide
888 306 955 339 Sed
979 314 1040 345 pro
1065 303 1158 338 vobis
1184 302 1358 345 supplicat,

244 358 438 391 Coronatum
461 356 634 397 lapidastis
938 352 1037 393 Cujus
1048 351 1197 385 membra
1206 351 1446 392 conquassastis

287 405 351 438 Die
374 406 447 438 ista.
985 401 1049 434 Die
1073 402 1147 434 ista.

110 467 166 499 92..
191 464 216 497 Ο
242 465 367 503 martyr
391 462 514 502 inclite,
805 459 864 494 9b.
886 460 933 492 Et
956 459 1021 491 tuis
1046 458 1198 500 precibus

193 511 290 544 Miles
317 511 459 550 emerite,
889 507 1066 540 Mundanis
1093 505 1239 539 faecibus

192 559 244 592 De
267 558 393 600 peccati
417 558 539 598 cespite
888 555 1031 589 Mundos
1059 555 1141 589 coeli
1166 554 1299 588 sedibus

240 607 309 640 Nos
335 615 438 638 eruas.
937 604 1113 637 Restituas.

185 674 270 701 Miss.
291 681 344 700 ms.
362 672 574 700 Cameracense
594 680 671 700 saec.
697 669 740 699 14.
757 671 827 699 Cod.
843 670 1048 699 Cameracens.
1073 667 1137 699 123.
1158 671 1224 698 add.
1247 678 1324 699 saec.
1348 668 1393 699 15.
1408 685 1449 690 -

110 711 196 741 Mel.:
222 710 517 740 selbstverst'andlieh
536 710 691 739 Promissa
710 710 819 739 mundo
844 710 956 747 gaudia
968 709 1069 744 (Mone
1087 709 1127 745 112
1150 708 1206 745 65).

536 803 601 836 412.
642 804 687 836 De
708 804 817 836 saneto
840 803 1011 845 Stephano.

112 878 169 912 la.
197 875 353 916 Stephani
382 875 574 915 martyrium
810 873 868 908 lb.
893 875 918 908 O
945 883 1039 915 quam
1065 883 1215 914 magnum
1241 874 1405 915 gaudium,

196 923 337 965 Agmina
358 923 568 964 psallentium
895 922 996 962 Quam
1022 931 1173 963 magnum
1196 921 1357 963 solatium,

196 971 349 1006 Laudent
374 975 407 1003 et
432 971 633 1004 credentium
893 972 934 1004 In
959 979 1015 1003 ore
1039 969 1186 1003 fidelium

243 1020 347 1053 Verus
373 1028 475 1054 amor.
943 1017 1058 1052 Gordis
1085 1018 1218 1053 clamor.

114 1081 171 1113 2a.
197 1078 262 1110 Hic
285 1077 410 1117 primus
435 1076 627 1118 martyrium
811 1075 870 1110 2b.
893 1076 960 1110 Ubi
987 1076 1084 1109 choro
1111 1076 1229 1108 civium

196 1126 276 1158 Post
299 1123 456 1158 factorem
481 1125 623 1158 omnium
895 1125 935 1158 In
960 1125 1048 1157 coelo
1074 1124 1264 1157 laetantium

199 1173 345 1214 Sumpsit
369 1176 402 1205 et
426 1173 469 1205 ad
492 1172 642 1205 bravium
891 1173 958 1206 Per
983 1173 1089 1205 carnis
1114 1171 1310 1212 supplicium

247 1220 455 1254 sublimatur.
942 1220 1100 1253 Sociatur.

117 1282 173 1314 3a.
200 1279 264 1312 Hic
288 1287 348 1318 pro
372 1277 595 1319 lapidantibus
812 1277 871 1313 3b.
896 1279 922 1312 Ο
948 1277 1037 1319 Jesu,
1062 1287 1103 1310 ne
1128 1278 1243 1319 punias

200 1326 293 1359 Fixis
317 1329 425 1359 terrae
446 1326 581 1367 genibus
896 1326 1022 1359 Horum
1047 1326 1258 1367 ignorantias,

201 1374 247 1407 Et
270 1375 420 1414 expansis
445 1374 593 1407 manibus
892 1375 973 1408 Post
999 1374 1079 1406 dans
1106 1373 1176 1406 Deo
1202 1374 1325 1416 gratias

252 1423 306 1456 Sic
329 1422 451 1455 oravit:
944 1421 1129 1462 Expiravit.

119 1483 176 1515 4a.
204 1480 305 1520 Quam
330 1488 447 1521 magna
473 1479 611 1520 devotio,
814 1480 874 1515 4b.
895 1480 1091 1520 Exemplum
1115 1480 1150 1512 in
1174 1480 1291 1522 propio

203 1528 304 1568 Quam
331 1528 434 1560 duleis
459 1528 574 1568 oratio,
898 1527 995 1569 Cepit
1019 1527 1082 1561 Dei
1106 1526 1185 1572 filio,

205 1577 287 1610 Orat
310 1578 344 1607 et
367 1586 429 1616 pro
452 1575 533 1608 vitio
897 1576 1007 1609 Dante
1030 1586 1067 1608 se
1089 1585 1152 1617 pro
1175 1577 1284 1618 pretio

250 1625 471 1657 Peccatorum.
947 1625 1156 1665 Populorum.

120 1685 177 1718 52.
204 1682 265 1722 Qui
290 1691 405 1722 passus
432 1684 482 1713 est
505 1681 623 1715 ictibus
815 1681 874 1716 5b.
896 1682 943 1715 Et
966 1691 1025 1715 nos
1051 1683 1117 1715 suis
1143 1683 1295 1723 precibus

202 1730 365 1771 Lapidum
390 1730 431 1763 ab
457 1729 614 1770 hostibus,
899 1731 1009 1763 Ducat
1034 1740 1105 1763 eum
1129 1731 1328 1772 martyribus

201 1777 271 1811 Nos
298 1778 419 1811 reddat
444 1787 516 1810 cum
538 1778 691 1811 laudibus
899 1779 946 1811 Et
971 1778 1028 1812 det
1052 1779 1145 1812 nobis
1171 1779 1319 1813 omnibus

253 1827 408 1860 Creatori.
949 1828 1039 1861 Bene
1063 1827 1157 1862 mori.

197 1893 282 1921 Miss.
303 1902 357 1921 ms.
375 1893 581 1922 Gemeticense
600 1902 677 1921 saec.
701 1891 746 1921 15.
768 1894 839 1922 Cod¹
859 1894 1072 1931 Rotomagens.
1093 1891 1160 1923 301.
1181 1894 1216 1922 A.
1237 1910 1277 1915 -—
1295 1896 1381 1924 Miss.
1402 1905 1458 1924 ms.

122 1933 327 1962 Gemeticense
352 1940 429 1960 saec.
460 1930 504 1960 15.
527 1932 596 1960 Cod.
617 1932 829 1969 Rotomagens.
853 1930 919 1961 302.
942 1934 976 1962 B.
999 1949 1040 1953 ——
1059 1933 1202 1962 Dieselbe
1223 1933 1358 1971 Sequens
1379 1935 1460 1963 steht

120 1975 154 2010 in
181 1971 341 1999 denselben
363 1971 435 1999 Hss.
461 1980 528 1998 zum
549 1971 621 2000 Fest
647 1971 699 2000 der
722 1971 889 2009 Erfindung
914 1973 966 2001 des
986 1972 1027 2000 hl.
1052 1971 1201 2009 Stephan,
1228 1974 1285 2001 mit
1303 1974 1460 2011 folgender

121 2010 283 2046 Anderung
302 2010 334 2036 in
355 2010 407 2038 der
427 2012 525 2038 ersten
547 2009 689 2046 Strophe:

124 2048 174 2078 la.
198 2048 343 2085 Stephani
364 2049 497 2077 inventio
819 2048 869 2077 lb.
886 2050 1006 2078 Primus
1029 2050 1168 2079 diaconio

193 2087 318 2115 Honore
339 2096 406 2115 curn
425 2087 535 2124 gaudio
886 2089 1019 2117 Functus
1041 2092 1087 2117 est
1107 2088 1215 2124 officio,

199 2125 271 2154 Sine
290 2127 400 2154 mentis
419 2126 520 2154 taedio
887 2127 980 2164 Cujus
999 2128 1035 2155 in
1055 2129 1198 2165 obsequio

233 2165 422 2201 Celebratur3
928 2167 1019 2195 Plebs
1039 2167 1178 2196 laetatur.

551 2248 616 2282 413.
655 2250 700 2282 De
720 2251 831 2283 saneto
852 2250 1023 2292 Stephano.

126 2322 184 2355 la.
213 2320 440 2354 Collaudemus
822 2322 881 2357 lb.
906 2324 964 2364 Qui
990 2325 1080 2364 passi
1105 2327 1182 2358 sunt

207 2369 364 2402 invictum
388 2370 423 2402 in
448 2370 514 2402 suis
540 2379 649 2411 regem
902 2371 1006 2413 ipsius
1033 2372 1179 2405 docendo
1203 2373 1319 2416 legem‚

257 2417 412 2459 Alleluja‚
954 2421 1021 2453 Res
1045 2420 1222 2457 laudanda.
