1652 2678
653 123 914 159 —300—

125 220 184 254 aa.
209 219 300 253 Ecce
322 220 487 254 Sunanitis
511 221 632 263 David,
821 220 882 255 3b.
902 217 1107 254 Indumentis
1132 216 1321 259 stragulatis

209 269 249 302 In
274 279 337 310 qua
363 269 510 303 Christus
534 270 701 303 maritavit
909 267 994 301 Suae
1017 267 1151 307 byssum
1177 264 1336 299 castitatis

257 318 364 351 Rosae
389 318 530 351 candens
555 318 670 359 lilium,
951 315 1116 356 Purpurat
1139 314 1342 356 martyrium.

124 375 183 409 4a.
209 375 303 408 Haec
327 378 376 407 est
401 376 493 417 virgo
518 376 691 417 Restituta,
820 373 880 408 4b.
903 373 1063 408 Patiendo
1087 381 1209 414 poenas
1233 371 1339 415 fortis,

210 423 294 457 Viva
314 423 382 457 fide
406 433 528 465 speque
551 426 623 456 tuta
906 423 937 456 A
964 430 1028 461 qua
1053 420 1144 463 fugat
1167 423 1288 453 metum
1311 420 1428 452 mortis

259 472 436 505 Caritatem
461 471 600 513 patiens,
954 469 1064 503 Virtus
1090 468 1290 503 indeficiens.

125 530 184 563 5a.
212 528 268 561 Sic
293 528 409 561 edocta
435 528 555 562 Christi
579 529 691 562 schola
822 528 882 562 5b.
903 525 1032 559 Firmat
1056 536 1169 560 sexum
1194 525 1344 568 fragilem

210 575 323 608 Soram
348 575 451 608 intrat
473 577 564 616 virgo
588 578 659 609 sola
906 576 1009 609 Amor
1032 584 1162 608 armans
1187 575 1327 616 pugilem

258 623 366 656 Ducta
391 627 503 656 sancto
528 624 656 663 spiritu.
955 623 1056 657 Urbis
1081 624 1116 657 in
1138 623 1284 659 introitu.

124 682 185 714 6a.
212 679 318 720 Supra
336 688 474 721 carnem,
493 689 593 720 supra
610 683 764 715 mundum
823 681 883 716 6b.
906 681 1004 715 Illum
1028 682 1138 722 habet,
1163 681 1256 713 illum
1281 681 1417 723 quaerit,

210 728 372 769 Sponsum
393 728 520 768 quaerit
535 729 658 761 munda
671 738 763 762 mun-
908 730 988 763 Cum
1014 739 1076 771 quo
1103 732 1192 762 casta
1219 731 1269 762 est
1292 732 1326 762 et
1350 730 1412 762 erit

533 775 609 807 dum

214 822 397 857 Candidum
423 825 457 855 et
479 822 695 857 rubicundum
906 825 962 865 Et,
989 826 1018 857 si
1041 825 1179 858 mundus
1205 829 1298 859 extra
1322 824 1410 867 ferit,

258 871 454 905 Rubicunda
479 870 629 905 candida.
955 873 1049 905 Intus
1074 875 1123 906 ost
1143 873 1320 914 intrepida-⁴

127 931 184 965 7a.
210 929 304 962 Haec
327 931 492 962 succincta
517 929 677 970 castitate,
825 929 885 964 7b.
906 928 995 962 Ense
1018 930 1113 962 verbi
1136 933 1330 970 pugnatura,

208 978 365 1011 Loricata
387 978 537 1016 veritate,
908 975 990 1009 Cum
1012 977 1076 1009 hac
1099 977 1204 1009 currit
1222 980 1399 1018 armatura,

213 1025 351 1059 Galeata
378 1026 524 1067 caritate,
909 1025 1026 1059 Fortes
1049 1023 1162 1064 flectit,
1188 1023 1312 1066 frangit
1338 1025 1419 1058 dura

258 1076 387 1108 Tenens
412 1077 539 1107 scutum
563 1072 651 1115 fidei,
958 1072 1059 1105 Verbi
1083 1072 1187 1105 virtus
1212 1073 1309 1114 ignei.

126 1134 184 1168 ga.
213 1132 324 1166 Certat
349 1134 439 1164 certa
463 1131 650 1173 praemiari,
825 1131 885 1166 8b.
908 1130 980 1165 Deo
1005 1131 1092 1171 patri
1117 1134 1355 1171 praesentatur,

211 1181 348 1215 Cursum
370 1180 466 1220 jubet
491 1180 716 1221 consummari,
907 1180 1126 1214 Praestent-ata
1151 1183 1333 1220 coronatur,

212 1228 291 1262 Cum
313 1227 447 1270 jubetur
471 1228 634 1260 immolari
907 1227 975 1260 Ubi
998 1227 1091 1259 nobis
1117 1229 1281 1260 mereatur

258 1276 378 1309 Hostia
402 1276 443 1308 ab
469 1275 626 1309 hostibus,
957 1275 1065 1308 Vitam
1090 1275 1157 1308 suis
1179 1275 1343 1315 precibus.

127 1337 184 1370 92.
210 1335 314 1367 1stum
339 1336 449 1366 servat
471 1333 629 1374 populum
824 1333 883 1367 9b.
904 1333 994 1373 Quae
1018 1342 1092 1365 suos
1117 1333 1166 1364 sic
1189 1333 1340 1373 instruat,

210 1382 419 1414 Translatum
445 1381 670 1422 corpusculum
906 1380 955 1414 Ut
982 1380 1110 1414 Christo
1133 1382 1286 1415 restituat

259 1429 427 1463 Pretiosae
450 1429 597 1471 virginis,
956 1429 1010 1462 Ex
1035 1430 1067 1462 vi
1091 1429 1140 1461 sui
1165 1430 1316 1462 nominis.

203 1496 293 1525 Grad.
320 1503 373 1524 ms.
394 1495 425 1523 S.
445 1495 623 1524 Theoderici
649 1504 727 1526 saec,
750 1493 795 1523 12.
817 1495 888 1524 Cod.
908 1495 1047 1524 Remens.
1074 1492 1141 1524 262.
1167 1495 1235 1523 add.
1258 1505 1336 1525 saec.
1362 1493 1407 1525 15.
1427 1511 1469 1517 —-

125 1535 212 1564 Mel.:
233 1535 339 1563 Lauda
360 1533 443 1562 Sion.

562 1617 630 1650 398.
670 1618 717 1651 De
737 1619 851 1650 saneta
871 1618 1033 1651 Rictrude.

592 1690 625 1724 1.
650 1690 777 1723 Adesto
799 1690 864 1723 tuis
890 1690 1006 1724 sedula

127 1753 185 1785 2a.
212 1747 433 1790 supplicibus,
459 1747 600 1788 domina,
825 1748 888 1784 2¹0.
907 1748 980 1782 Tua
1003 1757 1144 1791 namque
1171 1750 1329 1782 sanctitas

211 1798 268 1830 lux
293 1800 390 1839 atque
414 1805 488 1837 spes
516 1796 686 1830 ditissima.
910 1806 970 1830 nos
994 1798 1139 1831 illustrat
1163 1807 1203 1830 ac
1227 1798 1371 1832 roborat.

128 1857 185 1891 3a.
211 1856 300 1897 Ergo
325 1854 455 1895 suscipe
826 1855 886 1890 3b.
907 1855 1017 1897 Atque
1041 1856 1101 1889 has
1126 1856 1215 1889 vices

210 1903 379 1936 humilium
403 1903 459 1943 pia
484 1907 569 1943 vota,
911 1906 945 1937 et
969 1905 1027 1937 has
1054 1913 1149 1938 voces
1177 1909 1208 1937 et
1234 1904 1381 1938 carmina

211 1951 383 1985 Rictrudis
409 1952 542 1992 optima,
910 1953 1045 1986 attende
1067 1953 1219 1995 benigna.

128 2012 186 2043 4a.
213 2008 259 2041 Et
282 2011 453 2049 memento,
479 2011 514 2041 te
540 2009 648 2041 dulcia
827 2010 888 2045 4b.
911 2011 1033 2051 Quibus
1055 2013 1124 2052 jam
1150 2011 1309 2045 beneficia

211 2056 304 2088 nobis
332 2056 451 2089 debere
476 2057 612 2097 viscera,
913 2060 1080 2093 contulisti
1106 2061 1260 2095 carnalia.

129 2115 185 2148 5a.
210 2113 314 2145 Nobis
339 2113 471 2162 auxilia,
828 2116 887 2150 5b.
912 2117 1019 2151 Carne
1045 2121 1078 2150 et
1102 2118 1211 2152 anima

215 2170 234 2193 o
262 2161 402 2200 domina,
914 2167 948 2197 et
970 2165 1006 2198 in
1030 2166 1095 2200 ista

215 2211 291 2240 sunt
313 2209 498 2241 necessaria
915 2216 948 2246 et
972 2212 1084 2248 futura
1107 2214 1187 2248 vita.

130 2268 187 2301 6a.
214 2264 315 2307 Ergo,
340 2271 455 2307 mater,
483 2270 516 2299 et
539 2266 603 2298 ista
829 2269 890 2306 6b.
910 2271 1021 2312 Atque
1046 2273 1211 2313 spiritalia

214 2314 309 2346 nobis
332 2313 412 2347 affer
436 2314 522 2347 bona
913 2320 1020 2360 potius
1044 2320 1207 2355 ministra.

132 2374 151 2407 7
159 2381 189 2406 a.
215 2372 263 2405 Ut
286 2372 321 2404 in
347 2371 434 2404 omni
456 2373 550 2406 nobis
831 2375 892 2410 7b.
915 2377 996 2411 Cum
1020 2378 1143 2420 ubique
1170 2380 1297 2419 possint

215 2419 304 2453 adsis
330 2420 444 2462 gratia,
913 2428 970 2458 tua
994 2427 1122 2462 merita.
