1652 2678
657 116 924 152 —252-—

125 219 187 252 sa.
215 217 387 251 Sauciatur
413 227 469 250 cor
495 217 617 255 dolore,

210 265 381 298 Sauciatur
404 273 494 297 mens
520 272 639 302 amore,

210 313 359 347 Nardum
381 311 510 353 profert
535 315 566 343 et
591 311 691 343 odore

257 361 416 401 Repletur
440 360 628 399 hospitium.

125 421 185 452 42..
213 419 270 452 Sic
295 418 444 458 contrita,
470 417 517 448 sic
544 418 736 456 compuncta

205 466 330 499 Mundo
354 466 437 498 vivit
461 466 498 495 ut
523 463 677 496 defuncta

258 515 321 547 Per
347 521 515 545 excessum
538 511 684 553 spiritus,

125 573 145 605 5
155 580 175 604 a
212 571 376 611 Spernens
385 569 497 602 mundi
506 568 763 602 blandimentum

209 619 293 650 Tota
316 618 434 650 transit
459 617 494 648 in
518 618 695 649 lamentum

209 666 280 698 Nec
303 666 437 706 reliquit
460 665 504 698 ad
527 667 725 698 momentum

262 714 426 748 Christum
453 714 520 753 ejus
548 714 666 747 anima.

128 774 184 807 Ga.
213 772 290 805 Flet
313 771 348 803 in
367 771 473 812 domo,
499 770 557 804 fiet
574 771 615 804 ad
636 779 763 804 erucem

209 820 394 853 Passionem
419 819 542 853 Christi
565 823 702 860 trucem,

258 917 334 950 Flet
354 919 387 948 et
401 916 565 950 Christum
581 918 762 956 mortuum;

124 976 181 1008 Va.
208 974 287 1006 Yidi
313 979 399 1006 cives
421 974 579 1015 paradisi,

211 1023 510 1063 Quantumcumque
533 1026 644 1055 tamen
669 1022 731 1054 visi

257 1071 331 1103 Non
357 1071 477 1103 tollunt
500 1070 706 1111 moestitiam,

125 1130 184 1163 8a.
211 1128 293 1169 Spes
319 1137 459 1168 reorum,
483 1128 694 1169 Magdalena,

210 1177 282 1209 Tua
306 1185 406 1217 prece
430 1181 466 1209 tu
491 1185 607 1209 serena

211 1225 314 1257 Nobis
343 1224 516 1267 Christum,
543 1228 581 1257 ut
604 1233 625 1256 a
647 1233 753 1264 poena

259 1272 453 1306 Liberemur
479 1273 659 1305 criminum.

824 214 885 248 3b.
908 213 1019 253 Unget
1043 211 1210 245 Christum
1233 209 1296 242 hoc
1319 210 1445 250 liquore

907 261 1031 301 Rigans
1059 259 1161 299 pedes
1188 258 1297 291 cordis
1322 266 1406 298 rore,

908 309 1020 342 Servit
1039 315 1148 348 manu,
1174 306 1277 339 servit
1302 314 1358 339 ore

953 356 1064 389 Servit
1083 364 1147 387 usu
1170 355 1317 388 crinium.

822 414 882 448 4b.
909 414 1001 446 Intus
1025 415 1134 457 uncta,
1162 412 1291 446 Christo
1315 413 1437 456 Juneta,

909 462 1074 496 Christum
1088 464 1186 503 amat,
1200 461 1328 501 spernit
1336 464 1461 503 cuncta,

956 510 1100 550 Quorum
1122 509 1232 542 brevis
1256 509 1426 543 transitus.

824 568 885 603 5b.
909 567 1002 600 Trini
1026 567 1122 600 fletus
1147 570 1371 609 argumentum

907 616 951 649 Et
982 616 1117 649 effusum
1142 618 1193 648 ter
1216 619 1413 656 unguentum

908 664 1057 697 Probant
1078 665 1187 706 ignem
1212 664 1391 697 violentum

956 711 1187 746 Penetrantem
1213 712 1339 747 intima.

824 771 884 805 6b.
908 770 1008 803 Mane
1031 772 1146 812 surgit,
1170 771 1259 804 vitae
1282 771 1390 803 lucem

907 819 1042 859 Quaerit
1055 818 1231 859 Christum,
1256 818 1383 859 quaerit
1403 819 1461 851 du-

955 915 1011 948 Ad
1036 875 1416 955 sepulohmssesslafflum

824 975 843 1007 7
854 973 887 1007 b.
910 973 1036 1013 Quaero
1051 972 1227 1013 Christum,
1247 982 1340 1014 quem
1359 973 1463 1015 amisi,

908 1021 982 1054 Non
1010 1021 1168 1062 consolor,
1195 1021 1252 1062 ait,
1280 1022 1343 1055 nisi

955 1070 1120 1103 Dilectum
1146 1070 1335 1110 adspiciam.

825 1127 886 1160 8b.
905 1126 953 1159 Et
975 1127 1011 1159 in
1034 1127 1094 1160 illa
1119 1128 1201 1160 coeli
1228 1136 1308 1160 cena

907 1175 1009 1208 Fluat
1031 1175 1126 1208 nobis
1149 1176 1236 1209 vitae
1260 1185 1353 1220 vena,

907 1223 955 1256 Ut
977 1222 1124 1256 fruamur
1147 1225 1220 1257 luce
1243 1225 1343 1264 plena

957 1272 1224 1312 Contemplantes
1247 1272 1434 1306 Dominum.

201 1356 318 1386 Prosar.
333 1367 387 1386 ms.
400 1357 629 1386 Marchianense
642 1365 721 1385 saec.
736 1355 782 1385 15.
798 1356 868 1385 Cod.
882 1358 1032 1386 Duacens.
1049 1356 1114 1387 123.
1127 1374 1166 1378 —
1181 1358 1233 1393 421,
1249 1356 1267 1385 2
1281 1358 1394 1386 Munda
1407 1358 1463 1386 Hs.

487 1486 490 1489 Ι
535 1509 603 1542 334.
644 1510 689 1541 De
708 1518 733 1541 s.
753 1508 856 1542 Maria
876 1509 1077 1549 magdalena.

128 1593 187 1627 la.
213 1591 431 1633 Magdalenae
454 1592 574 1632 gaudia

211 1640 361 1675 Celebret
386 1640 524 1673 ecclesia

254 1689 382 1722 Devota
407 1688 570 1721 fidelium:

123 1749 185 1781 2a.
214 1747 379 1781 Christum
405 1756 516 1779 amans
544 1747 668 1779 intimis

211 1795 315 1828 Pedes
338 1796 407 1836 ejus
430 1795 573 1829 lacrimis

258 1844 381 1884 Rigans
406 1844 503 1877 tersit
528 1843 690 1885 crinibus3

129 1905 189 1938 321,
215 1902 267 1935 De
291 1911 327 1935 se
350 1905 400 1935 tot
423 1902 626 1944 gratissimas

213 1950 308 1983 Fecit
331 1951 401 1983 Deo
427 1951 586 1993 victimas,

259 2000 324 2032 Per
349 2002 427 2040 quot
448 2000 529 2032 haec
553 2002 763 2043 peccaverat3

127 2058 185 2091 4a.
211 2057 346 2091 Amavit
370 2057 538 2090 ardentius

209 2106 256 2138 Et
278 2106 353 2139 ideo
381 2106 474 2138 citius

261 2154 385 2187 Mer-uit
409 2154 491 2186 haec
516 2161 658 2186 cernere.

127 2213 186 2246 52.
213 2213 301 2253 Quae
325 2221 387 2252 per
410 2211 644 2253 poenitentiam

212 2259 364 2293 Paradisi
388 2260 525 2301 gloriam

260 2308 384 2341 Meruit
407 2309 576 2349 attingere,

824 1592 883 1625 lb.
906 1593 999 1626 Haec
1024 1594 1074 1625 est
1098 1592 1158 1624 illa
1182 1593 1323 1633 domina,

909 1641 968 1674 Cui
994 1640 1116 1673 dimisit
1142 1641 1278 1674 crimina

955 1689 1078 1722 Factor
1103 1692 1137 1721 et
1159 1699 1220 1722 rex
1245 1690 1397 1723 omnium.

823 1746 883 1780 2b.
907 1746 1030 1780 Christi
1056 1746 1110 1779 die
1134 1749 1231 1780 tertia

906 1795 1119 1837 Resurgentis
1142 1796 1258 1831 nuntia

955 1843 1036 1877 Fuit
1058 1845 1168 1886 prima.
1195 1844 1363 1880 fratribus,

823 1902 888 1936 3b.
909 1902 1017 1936 Fonte
1039 1903 1109 1936 lota
1133 1904 1248 1936 veniae

910 1950 1033 1992 eulpae
1057 1949 1122 1984 fuit
1151 1952 1248 1992 carie,

961 1999 1050 2040 Quae
1074 2000 1244 2040 peccatrix
1269 1999 1387 2034 fuerat.

823 2057 883 2091 4b.
907 2057 933 2090 O
959 2067 1056 2098 quam
1076 2058 1209 2099 dignum
1233 2059 1386 2093 laudibus

907 2106 969 2139 Est
993 2106 1085 2139 illam
1110 2110 1143 2139 et,
1168 2107 1317 2141 cantibus

955 2154 1093 2188 Devotis
1118 2157 1282 2197 attollere,

827 2211 887 2246 5b.
910 2212 1004 2251 Quod
1031 2214 1089 2247 det
1109 2223 1227 2255 regens
1253 2216 1362 2252 omnia

910 2260 1014 2294 Nobis
1040 2262 1122 2295 coeli
1149 2264 1241 2297 enda.

957 2310 1095 2344 Pietatis
1119 2320 1264 2346 munere.

203 2393 289 2421 Miss.
308 2401 364 2420 ms.
379 2392 410 2421 S.
425 2392 625 2429 Magdalenae
637 2392 848 2428 Rotomagens.
868 2402 946 2422 saec.
969 2393 1014 2422 15.
1032 2394 1104 2424 eod.
1118 2395 1332 2432 Rotomagens.
1347 2395 1414 2426 283.
1428 2415 1467 2419 -

122 2431 195 2460 Mel.
210 2431 370 2466 ‚iedenfalls
390 2431 469 2460 Veni
487 2434 591 2460 sancte
610 2432 743 2467 spiritus.
