1652 2678
717 103 885 140 —325
938 126 983 131 —

174 197 262 233 13a.
288 198 404 232 Plures
430 198 490 233 sub
516 198 657 234 ferretro
881 201 968 238 131).
991 202 1089 244 Cujus
1115 212 1174 235 nos
1199 205 1373 245 protegant

336 247 496 290 Martyris
520 248 635 282 inclita
1036 251 1091 285 Sic
1112 251 1305 292 patrocinia,

289 295 345 328 Ad
369 296 471 329 vitam
496 297 637 330 redeunt
991 300 1040 334 Ut
1060 308 1170 333 secum
1194 300 1355 340 provehat

337 344 403 377 Per
425 346 495 386 ejus
517 346 644 379 merita.
1039 348 1082 381 ad
1109 348 1191 380 coeli
1215 347 1345 388 gaudia,

533 415 588 447 14.
617 411 689 455 Quo
715 414 805 447 Deus
830 414 864 446 in
889 415 1018 448 saecula

617 465 728 494 nostra
752 462 796 495 sit
819 463 934 503 gloria.

256 547 342 576 Miss.
370 556 425 575 ms.
446 547 653 577 Gemeticense
674 556 751 576 saec.
775 545 820 575 15.
846 548 919 577 Cod.
941 548 1153 585 Rotomagens.
1173 546 1340 577 301A.—
1358 548 1442 577 Miss.
1463 557 1520 576 ms.

172 585 386 653 ξίῐιιέεὲοεῃεθ
413 594 491 615 saec
522 584 567 614 15.
597 585 669 614 Cod.
696 587 908 622 Rotomagens.
936 583 1003 615 302.
1029 588 1064 615 B.
1093 603 1133 608 —
1161 586 1222 623 4b
1251 585 1269 614 2
1298 587 1451 625 fulgorans
1479 587 1519 622 B3

191 633 206 652 e

619 764 690 797 430.
731 767 776 799 De
797 767 906 799 sancto
926 766 1075 800 vedasto.

673 849 704 882 1.
730 847 992 889 Magnificantes‚

732 898 827 937 pater
852 896 984 937 optime,

733 947 823 977 tuam
849 943 996 985 gloriam,

175 1012 238 1044 2a.
265 1010 329 1043 Dei
351 1011 477 1051 judicia
881 1012 941 1045 2b.
965 1011 1098 1052 QuibuS,
1127 1011 1203 1044 dum
1229 1011 1295 1044 vita

265 1059 433 1092 commode
458 1058 501 1092 ad
524 1062 639 1093 nostra
964 1059 1029 1092 hac
1050 1059 1180 1092 functus
1207 1068 1251 1100 es,
1274 1062 1333 1091 tua

265 1106 458 1141 adhibemus
483 1106 669 1147 praeconia,
966 1107 1159 1140 clarificavit
1182 1107 1310 1142 merita.

174 1176 236 1210 32.
262 1176 352 1216 Ergo
379 1176 528 1208 comitem
880 1175 940 1210 3b.
961 1175 1046 1207 Dum
1072 1176 1106 1206 te
1129 1175 1284 1215 implorat

265 1223 351 1267 regis
379 1223 520 1265 dignitas
966 1231 1080 1255 caecus
1106 1223 1140 1254 in
1165 1223 1230 1265 via,

263 1271 449 1306 adsciverat
962 1273 1000 1303 ut
1023 1278 1204 1314 succurras,

263 1324 307 1362 te,
333 1322 439 1361 pater,
469 1323 507 1353 ut
529 1319 631 1352 verba
963 1321 999 1351 tu
1021 1319 1127 1352 Deum
1157 1327 1281 1359 exoras,

263 1368 474 1410 praedicares
501 1367 654 1401 coelestia
964 1367 1054 1400 Deus
1079 1367 1173 1399 audit
1197 1369 1229 1399 et
1253 1366 1376 1406 annuit,

262 1417 455 1458 properanti
480 1416 523 1448 ad
549 1415 722 1457 baptisma.
964 1424 1024 1448 rex
1058 1415 1163 1448 credit
1189 1418 1222 1447 et
1245 1414 1340 1454 plebs
1367 1414 1518 1448 exsultat.

174 1485 235 1518 4a.
264 1484 432 1525 Quendam
457 1482 620 1517 refeceras
879 1483 940 1518 4b.
966 1483 1067 1523 Quem
1093 1482 1309 1523 corporaliter

264 1532 358 1567 verbi
383 1532 448 1565 Dei
475 1532 579 1574 copia,
968 1531 1078 1564 cibare
1102 1531 1306 1564 decreveras.

181 1601 245 1635 sa.
273 1600 339 1634 Sed
365 1602 442 1633 tunc
465 1600 575 1633 vinum
602 1598 779 1641 defecerat,
883 1600 943 1634 5b.
966 1600 1028 1641 Qui
1055 1600 1096 1633 de
1121 1599 1207 1631 sicco
1233 1607 1310 1631 vase

263 1668 430 1702 Evocasti
453 1667 559 1701 Deum
752 1664 769 1679 ἢ
784 1682 801 1696 γ,
866 1663 881 1677 ÷÷
967 1649 1060 1689 larga
1084 1656 1160 1680 mox
1186 1646 1279 1680 dedit
1301 1647 1387 1679 vina.

264 1720 302 1749 ut
325 1716 359 1748 in
385 1716 447 1749 hoc
471 1716 653 1759 subveniat,
752 1752 768 1765 ᾗ
782 1705 843 1741 *⁹21-
871 1756 880 1765 .
967 1715 1140 1748 Honorans
1166 1718 1223 1748 tua
1249 1713 1365 1747 merita

177 1786 239 1819 6a.
265 1783 427 1818 Atrebata
451 1788 518 1824 tua,
883 1783 945 1818 6b.
970 1782 1107 1816 Caecum
1132 1781 1296 1814 illuminas

268 1833 345 1866 dum
369 1834 403 1865 te
426 1835 602 1875 meruerat,
968 1834 1001 1863 et
1026 1830 1176 1863 claudum
1201 1832 1365 1863 restauras

265 1881 453 1923 ingrediens
478 1883 590 1921 portas
967 1880 1088 1912 virtute
1114 1879 1221 1912 solita.

178 1951 239 1984 Va.
265 1949 433 1985 Relicturo
459 1958 550 1991 arva,
883 1948 945 1984 7b.
963 1948 1111 1982 Petituro
1134 1949 1225 1981 astra

177 2020 240 2054 89..
266 2019 424 2053 Columna
446 2020 544 2061 ignea
885 2017 945 2052 81).
969 2017 1057 2057 Quae
1082 2015 1169 2048 rexit
1193 2024 1232 2048 ae
1257 2014 1382 2047 coelum

264 2067 304 2101 fit
327 2067 388 2100 tibi
414 2067 521 2109 obvia,
968 2065 1098 2099 beat-am
1118 2064 1268 2097 animam.

183 2137 241 2171 9a.
268 2137 365 2170 Nunc
390 2145 409 2169 e
434 2136 532 2169 coelis
558 2144 629 2179 nOS,
656 2134 811 2176 Vedaste,
885 2133 946 2168 9b.
966 2133 1018 2165 Ac
1042 2140 1171 2165 securos
1197 2130 1241 2165 ad
1266 2133 1400 2165 aeterna

266 2188 364 2227 pater
387 2187 511 2225 sancte,
540 2184 637 2217 visita
968 2181 1095 2223 perduc
1122 2182 1229 2213 tecum
1255 2180 1385 2221 gaudia.

259 2273 346 2302 Miss.
367 2281 422 2301 ms.
441 2271 642 2301 vedastinum
662 2277 739 2297 saec.
763 2266 809 2297 14.
829 2269 871 2297 in.
886 2267 959 2297 Coti.
974 2267 1163 2296 Atrebatem.
1183 2264 1251 2295 888.
1265 2266 1301 2294 Α.
1321 2266 1459 2295 —-Miss.
1471 2275 1528 2294 ms.

179 2312 381 2341 Vedasffinum
402 2320 479 2340 saec.
503 2308 548 2339 14.
564 2310 635 2339 Cod.
649 2308 839 2337 Atrebatens.
860 2305 928 2336 882.
949 2307 983 2335 B.
1005 2322 1039 2326 -—
1059 2306 1150 2336 Grad.
1171 2315 1225 2334 ms.
1240 2305 1438 2334 Vedastinum
1449 2313 1527 2333 saec.

178 2349 228 2380 15.
260 2351 333 2380 Cod.
359 2350 548 2380 Atrebatens.
575 2347 642 2378 638.
672 2347 705 2375 C.
732 2362 771 2366 -—
798 2347 856 2376 Str.
883 2347 901 2375 7
929 2355 994 2383 sqq.
1021 2345 1121 2374 fehlen
1146 2346 1181 2372 B.
1204 2359 1241 2364 —-
1261 2343 1320 2381 512,
1353 2343 1368 2372 1
1391 2344 1428 2373 de
1449 2344 1525 2373 fehlt

178 2391 214 2420 B.
237 2408 275 2412 —
295 2388 388 2425 81),1
411 2392 489 2419 rexit
511 2389 582 2425 AC3
603 2389 624 2417 l.
644 2388 753 2417 vexit?
774 2401 812 2407 -—
832 2387 921 2415 Mela
942 2385 1069 2414 Oramus
1090 2387 1120 2413 te
1141 2386 1264 2413 aeterna
1283 2393 1361 2421 spes.
