<?xml version="1.0" encoding="UTF-8"?>
<!DOCTYPE html PUBLIC "-//W3C//DTD XHTML 1.0 Transitional//EN"
    "http://www.w3.org/TR/xhtml1/DTD/xhtml1-transitional.dtd">
<html xmlns="http://www.w3.org/1999/xhtml" xml:lang="en" lang="en">
 <head>
  <title>
</title>
<meta http-equiv="Content-Type" content="text/html;charset=utf-8" />
  <meta name='ocr-system' content='tesseract 3.04.00' />
  <meta name='ocr-capabilities' content='ocr_page ocr_carea ocr_par ocr_line ocrx_word'/>
</head>
<body>
  <div class='ocr_page' id='page_1' title='image "./analectahymnica10drevuoft_00101.png"; bbox 0 0 1652 2678; ppageno 0'>
   <div class='ocr_carea' id='block_1_1' title="bbox 640 98 883 134">
    <p class='ocr_par' dir='ltr' id='par_1_1' title="bbox 640 98 883 134">
     <span class='ocr_line' id='line_1_1' title="bbox 640 98 883 134; baseline -0.004 -9"><span class='ocrx_word' id='word_1_1' title='bbox 640 98 883 134; x_wconf 50' lang='grc' dir='ltr'>..98ῌ</span> 
     </span>
    </p>
   </div>
   <div class='ocr_carea' id='block_1_2' title="bbox 532 203 975 237">
    <p class='ocr_par' dir='ltr' id='par_1_2' title="bbox 532 203 975 237">
     <span class='ocr_line' id='line_1_2' title="bbox 532 203 975 237; baseline -0.007 -1"><span class='ocrx_word' id='word_1_2' title='bbox 532 206 594 237; x_wconf 72' lang='lat'>124.</span> <span class='ocrx_word' id='word_1_3' title='bbox 634 205 678 236; x_wconf 80' lang='lat' dir='ltr'>De</span> <span class='ocrx_word' id='word_1_4' title='bbox 699 205 796 236; x_wconf 80' lang='lat' dir='ltr'>beata</span> <span class='ocrx_word' id='word_1_5' title='bbox 816 203 918 235; x_wconf 72' lang='lat' dir='ltr'>Maria</span> <span class='ocrx_word' id='word_1_6' title='bbox 941 203 975 234; x_wconf 70' lang='lat' dir='ltr'>Y.</span> 
     </span>
    </p>
   </div>
   <div class='ocr_carea' id='block_1_3' title="bbox 96 286 664 369">
    <p class='ocr_par' dir='ltr' id='par_1_3' title="bbox 96 286 664 369">
     <span class='ocr_line' id='line_1_3' title="bbox 96 286 664 328; baseline -0.005 -7"><span class='ocrx_word' id='word_1_7' title='bbox 96 289 113 321; x_wconf 84' lang='lat'>1</span> <span class='ocrx_word' id='word_1_8' title='bbox 127 297 156 320; x_wconf 92' lang='lat' dir='ltr'>a.</span> <span class='ocrx_word' id='word_1_9' title='bbox 182 287 293 320; x_wconf 76' lang='lat' dir='ltr'>Mater</span> <span class='ocrx_word' id='word_1_10' title='bbox 316 291 438 328; x_wconf 84' lang='lat' dir='ltr'>sancta,</span> <span class='ocrx_word' id='word_1_11' title='bbox 464 291 569 320; x_wconf 82' lang='lat' dir='ltr'>mater</span> <span class='ocrx_word' id='word_1_12' title='bbox 593 286 664 326; x_wconf 89' lang='lat' dir='ltr'>Dei,</span> 
     </span>
     <span class='ocr_line' id='line_1_4' title="bbox 180 335 572 369; baseline -0.003 -1"><span class='ocrx_word' id='word_1_13' title='bbox 180 335 255 369; x_wconf 87' lang='lat' dir='ltr'><strong>Tibi</strong></span> <span class='ocrx_word' id='word_1_14' title='bbox 278 336 392 369; x_wconf 87' lang='lat' dir='ltr'>laudes</span> <span class='ocrx_word' id='word_1_15' title='bbox 414 336 501 368; x_wconf 87' lang='lat' dir='ltr'>servi</span> <span class='ocrx_word' id='word_1_16' title='bbox 524 335 572 368; x_wconf 89' lang='lat' dir='ltr'>rei</span> 
     </span>
    </p>
   </div>
   <div class='ocr_carea' id='block_1_4' title="bbox 229 383 633 425">
    <p class='ocr_par' dir='ltr' id='par_1_4' title="bbox 229 383 633 425">
     <span class='ocr_line' id='line_1_5' title="bbox 229 383 633 425; baseline 0.005 -9"><span class='ocrx_word' id='word_1_17' title='bbox 229 383 313 417; x_wconf 77' lang='lat' dir='ltr'>Vere</span> <span class='ocrx_word' id='word_1_18' title='bbox 344 384 439 425; x_wconf 82' lang='lat' dir='ltr'>digne</span> <span class='ocrx_word' id='word_1_19' title='bbox 464 384 633 418; x_wconf 80' lang='lat' dir='ltr'>solvimus:</span> 
     </span>
    </p>
   </div>
   <div class='ocr_carea' id='block_1_5' title="bbox 179 440 712 732">
    <p class='ocr_par' dir='ltr' id='par_1_5' title="bbox 179 440 712 732">
     <span class='ocr_line' id='line_1_6' title="bbox 182 440 712 484; baseline -0.006 -10"><span class='ocrx_word' id='word_1_20' title='bbox 182 443 245 475; x_wconf 87' lang='lat' dir='ltr'>Per</span> <span class='ocrx_word' id='word_1_21' title='bbox 270 445 303 474; x_wconf 89' lang='lat' dir='ltr'>te</span> <span class='ocrx_word' id='word_1_22' title='bbox 326 450 464 484; x_wconf 87' lang='lat' dir='ltr'>namque</span> <span class='ocrx_word' id='word_1_23' title='bbox 489 441 604 482; x_wconf 83' lang='lat' dir='ltr'>pignus</span> <span class='ocrx_word' id='word_1_24' title='bbox 629 440 712 472; x_wconf 87' lang='lat' dir='ltr'>illud</span> 
     </span>
     <span class='ocr_line' id='line_1_7' title="bbox 181 489 591 530; baseline -0.007 -6"><span class='ocrx_word' id='word_1_25' title='bbox 181 490 323 527; x_wconf 83' lang='lat' dir='ltr'>Gratiae,</span> <span class='ocrx_word' id='word_1_26' title='bbox 349 490 450 530; x_wconf 85' lang='lat' dir='ltr'>pacis,</span> <span class='ocrx_word' id='word_1_27' title='bbox 477 489 591 521; x_wconf 85' lang='lat' dir='ltr'>salutis</span> 
     </span>
     <span class='ocr_line' id='line_1_8' title="bbox 230 538 619 576; baseline -0.01 -5"><span class='ocrx_word' id='word_1_28' title='bbox 230 538 406 572; x_wconf 82' lang='lat' dir='ltr'>Credentes</span> <span class='ocrx_word' id='word_1_29' title='bbox 430 538 619 576; x_wconf 70' lang='lat' dir='ltr'>accepimus</span> 
     </span>
     <span class='ocr_line' id='line_1_9' title="bbox 181 594 666 636; baseline -0.004 -8"><span class='ocrx_word' id='word_1_30' title='bbox 181 596 254 629; x_wconf 83' lang='lat' dir='ltr'>Hoc</span> <span class='ocrx_word' id='word_1_31' title='bbox 277 596 312 627; x_wconf 84' lang='lat' dir='ltr'>in</span> <span class='ocrx_word' id='word_1_32' title='bbox 336 595 431 628; x_wconf 87' lang='lat' dir='ltr'>Eden</span> <span class='ocrx_word' id='word_1_33' title='bbox 455 594 543 627; x_wconf 85' lang='lat' dir='ltr'>vitae</span> <span class='ocrx_word' id='word_1_34' title='bbox 567 594 666 636; x_wconf 84' lang='lat' dir='ltr'>ligno,</span> 
     </span>
     <span class='ocr_line' id='line_1_10' title="bbox 179 642 633 683; baseline -0.002 -7"><span class='ocrx_word' id='word_1_35' title='bbox 179 644 250 677; x_wconf 86' lang='lat' dir='ltr'>Hoc</span> <span class='ocrx_word' id='word_1_36' title='bbox 271 644 305 675; x_wconf 88' lang='lat' dir='ltr'>in</span> <span class='ocrx_word' id='word_1_37' title='bbox 331 651 409 675; x_wconf 89' lang='lat' dir='ltr'>arcu</span> <span class='ocrx_word' id='word_1_38' title='bbox 434 642 506 675; x_wconf 81' lang='lat' dir='ltr'>Noe</span> <span class='ocrx_word' id='word_1_39' title='bbox 531 643 633 683; x_wconf 82' lang='lat' dir='ltr'>signo,</span> 
     </span>
     <span class='ocr_line' id='line_1_11' title="bbox 225 691 622 732; baseline -0.003 -7"><span class='ocrx_word' id='word_1_40' title='bbox 225 692 298 725; x_wconf 88' lang='lat' dir='ltr'>Hoc</span> <span class='ocrx_word' id='word_1_41' title='bbox 323 692 358 723; x_wconf 88' lang='lat' dir='ltr'>in</span> <span class='ocrx_word' id='word_1_42' title='bbox 382 691 475 732; x_wconf 85' lang='lat' dir='ltr'>virga</span> <span class='ocrx_word' id='word_1_43' title='bbox 499 692 622 732; x_wconf 80' lang='lat' dir='ltr'>Aaron,</span> 
     </span>
    </p>
   </div>
   <div class='ocr_carea' id='block_1_6' title="bbox 180 749 732 1042">
    <p class='ocr_par' dir='ltr' id='par_1_6' title="bbox 180 749 732 1042">
     <span class='ocr_line' id='line_1_12' title="bbox 181 749 732 790; baseline 0.002 -9"><span class='ocrx_word' id='word_1_44' title='bbox 181 749 273 790; x_wconf 78' lang='lat' dir='ltr'>Quod</span> <span class='ocrx_word' id='word_1_45' title='bbox 307 751 468 782; x_wconf 86' lang='lat' dir='ltr'>ructatum</span> <span class='ocrx_word' id='word_1_46' title='bbox 494 749 592 782; x_wconf 85' lang='lat' dir='ltr'>corde</span> <span class='ocrx_word' id='word_1_47' title='bbox 616 750 732 790; x_wconf 77' lang='lat' dir='ltr'>patriS,</span> 
     </span>
     <span class='ocr_line' id='line_1_13' title="bbox 183 796 698 835; baseline -0.002 -4"><span class='ocrx_word' id='word_1_48' title='bbox 183 797 265 831; x_wconf 81' lang='lat' dir='ltr'>Caro</span> <span class='ocrx_word' id='word_1_49' title='bbox 291 796 410 830; x_wconf 83' lang='lat' dir='ltr'>factum</span> <span class='ocrx_word' id='word_1_50' title='bbox 437 801 550 831; x_wconf 82' lang='lat' dir='ltr'>ventre</span> <span class='ocrx_word' id='word_1_51' title='bbox 574 798 698 835; x_wconf 83' lang='lat' dir='ltr'>matris,</span> 
     </span>
     <span class='ocr_line' id='line_1_14' title="bbox 227 846 616 888; baseline 0.003 -10"><span class='ocrx_word' id='word_1_52' title='bbox 227 846 371 880; x_wconf 81' lang='lat' dir='ltr'><strong>Verbum</strong></span> <span class='ocrx_word' id='word_1_53' title='bbox 395 846 429 880; x_wconf 87' lang='lat' dir='ltr'>in</span> <span class='ocrx_word' id='word_1_54' title='bbox 454 846 616 888; x_wconf 87' lang='lat' dir='ltr'>Principio</span> 
     </span>
     <span class='ocr_line' id='line_1_15' title="bbox 180 906 696 948; baseline -0.002 -10"><span class='ocrx_word' id='word_1_55' title='bbox 180 906 280 946; x_wconf 84' lang='lat' dir='ltr'>Ergo,</span> <span class='ocrx_word' id='word_1_56' title='bbox 306 907 420 948; x_wconf 80' lang='lat' dir='ltr'>mater,</span> <span class='ocrx_word' id='word_1_57' title='bbox 448 908 580 945; x_wconf 86' lang='lat' dir='ltr'>paetum</span> <span class='ocrx_word' id='word_1_58' title='bbox 605 906 696 946; x_wconf 84' lang='lat' dir='ltr'>pacis</span> 
     </span>
     <span class='ocr_line' id='line_1_16' title="bbox 185 951 535 987; baseline -0.003 -1"><span class='ocrx_word' id='word_1_59' title='bbox 185 954 285 987; x_wconf 86' lang='lat' dir='ltr'>Serva</span> <span class='ocrx_word' id='word_1_60' title='bbox 310 954 434 986; x_wconf 88' lang='lat' dir='ltr'>salvum</span> <span class='ocrx_word' id='word_1_61' title='bbox 459 951 535 986; x_wconf 88' lang='lat' dir='ltr'>filiis</span> 
     </span>
     <span class='ocr_line' id='line_1_17' title="bbox 224 1002 683 1042; baseline 0 -7"><span class='ocrx_word' id='word_1_62' title='bbox 224 1002 328 1035; x_wconf 86' lang='lat' dir='ltr'>Tanto</span> <span class='ocrx_word' id='word_1_63' title='bbox 354 1002 459 1042; x_wconf 85' lang='lat' dir='ltr'>pretio</span> <span class='ocrx_word' id='word_1_64' title='bbox 486 1002 683 1042; x_wconf 80' lang='lat' dir='ltr'>redemptis:</span> 
     </span>
    </p>
   </div>
   <div class='ocr_carea' id='block_1_7' title="bbox 97 444 154 476">
    <p class='ocr_par' dir='ltr' id='par_1_7' title="bbox 97 444 154 476">
     <span class='ocr_line' id='line_1_18' title="bbox 97 444 154 476; baseline -0.053 0"><span class='ocrx_word' id='word_1_65' title='bbox 97 444 154 476; x_wconf 84' lang='lat' dir='ltr'>2a.</span> 
     </span>
    </p>
   </div>
   <div class='ocr_carea' id='block_1_8' title="bbox 98 599 155 631">
    <p class='ocr_par' dir='ltr' id='par_1_8' title="bbox 98 599 155 631">
     <span class='ocr_line' id='line_1_19' title="bbox 98 599 155 631; baseline -0.035 0"><span class='ocrx_word' id='word_1_66' title='bbox 98 599 155 631; x_wconf 68' lang='lat'>321.</span> 
     </span>
    </p>
   </div>
   <div class='ocr_carea' id='block_1_9' title="bbox 95 752 154 784">
    <p class='ocr_par' dir='ltr' id='par_1_9' title="bbox 95 752 154 784">
     <span class='ocr_line' id='line_1_20' title="bbox 95 752 154 784; baseline -0.051 0"><span class='ocrx_word' id='word_1_67' title='bbox 95 752 154 784; x_wconf 80' lang='lat' dir='ltr'>4a.</span> 
     </span>
    </p>
   </div>
   <div class='ocr_carea' id='block_1_10' title="bbox 97 907 153 939">
    <p class='ocr_par' dir='ltr' id='par_1_10' title="bbox 97 907 153 939">
     <span class='ocr_line' id='line_1_21' title="bbox 97 907 153 939; baseline -0.036 0"><span class='ocrx_word' id='word_1_68' title='bbox 97 907 153 939; x_wconf 85' lang='lat' dir='ltr'>5a.</span> 
     </span>
    </p>
   </div>
   <div class='ocr_carea' id='block_1_11' title="bbox 174 1079 732 1116">
    <p class='ocr_par' dir='ltr' id='par_1_11' title="bbox 174 1079 732 1116">
     <span class='ocr_line' id='line_1_22' title="bbox 174 1079 732 1116; baseline 0 -9"><span class='ocrx_word' id='word_1_69' title='bbox 174 1079 240 1107; x_wconf 63' lang='lat' dir='ltr'>Mtss</span> <span class='ocrx_word' id='word_1_70' title='bbox 279 1087 332 1107; x_wconf 87' lang='lat' dir='ltr'>ms.</span> <span class='ocrx_word' id='word_1_71' title='bbox 354 1080 475 1107; x_wconf 66' lang='lat' dir='ltr'>Lineen&#39;</span> <span class='ocrx_word' id='word_1_72' title='bbox 493 1089 500 1099; x_wconf 63' lang='lat'>¹</span> <span class='ocrx_word' id='word_1_73' title='bbox 522 1082 549 1108; x_wconf 89' lang='grc' dir='ltr'><em>Γ</em></span> <span class='ocrx_word' id='word_1_74' title='bbox 565 1089 593 1116; x_wconf 79' lang='lat' dir='ltr'>p.</span> <span class='ocrx_word' id='word_1_75' title='bbox 617 1079 661 1108; x_wconf 81' lang='lat'>17.</span> <span class='ocrx_word' id='word_1_76' title='bbox 683 1088 732 1108; x_wconf 61' lang='lat' dir='ltr'>sac</span> 
     </span>
    </p>
   </div>
   <div class='ocr_carea' id='block_1_12' title="bbox 794 283 1336 421">
    <p class='ocr_par' dir='ltr' id='par_1_12' title="bbox 794 283 1336 421">
     <span class='ocr_line' id='line_1_23' title="bbox 794 283 1336 325; baseline -0.002 -8"><span class='ocrx_word' id='word_1_77' title='bbox 794 284 851 318; x_wconf 78' lang='lat' dir='ltr'>lb.</span> <span class='ocrx_word' id='word_1_78' title='bbox 874 284 973 323; x_wconf 83' lang='lat' dir='ltr'>Audi,</span> <span class='ocrx_word' id='word_1_79' title='bbox 1002 283 1077 315; x_wconf 84' lang='lat' dir='ltr'>vide</span> <span class='ocrx_word' id='word_1_80' title='bbox 1096 291 1222 325; x_wconf 82' lang='lat' dir='ltr'>preces,</span> <span class='ocrx_word' id='word_1_81' title='bbox 1253 287 1336 322; x_wconf 77' lang='lat' dir='ltr'>vota,</span> 
     </span>
     <span class='ocr_line' id='line_1_24' title="bbox 877 331 1296 371; baseline 0 -7"><span class='ocrx_word' id='word_1_82' title='bbox 877 331 954 364; x_wconf 86' lang='lat' dir='ltr'>Tibi</span> <span class='ocrx_word' id='word_1_83' title='bbox 980 340 1068 371; x_wconf 88' lang='lat' dir='ltr'>voce,</span> <span class='ocrx_word' id='word_1_84' title='bbox 1095 334 1203 364; x_wconf 89' lang='lat' dir='ltr'>mente</span> <span class='ocrx_word' id='word_1_85' title='bbox 1228 334 1296 365; x_wconf 85' lang='lat' dir='ltr'>tota</span> 
     </span>
     <span class='ocr_line' id='line_1_25' title="bbox 924 379 1309 421; baseline 0.005 -9"><span class='ocrx_word' id='word_1_86' title='bbox 924 379 1010 412; x_wconf 86' lang='lat' dir='ltr'>Vere</span> <span class='ocrx_word' id='word_1_87' title='bbox 1033 380 1129 421; x_wconf 84' lang='lat' dir='ltr'>digne</span> <span class='ocrx_word' id='word_1_88' title='bbox 1155 380 1309 415; x_wconf 68' lang='lat' dir='ltr'>canimus</span> 
     </span>
    </p>
   </div>
   <div class='ocr_carea' id='block_1_13' title="bbox 793 438 1396 574">
    <p class='ocr_par' dir='ltr' id='par_1_13' title="bbox 793 438 1396 574">
     <span class='ocr_line' id='line_1_26' title="bbox 793 438 1396 480; baseline 0 -9"><span class='ocrx_word' id='word_1_89' title='bbox 793 438 853 472; x_wconf 85' lang='lat' dir='ltr'>2b.</span> <span class='ocrx_word' id='word_1_90' title='bbox 877 438 968 477; x_wconf 77' lang='lat' dir='ltr'>Quod</span> <span class='ocrx_word' id='word_1_91' title='bbox 994 438 1188 478; x_wconf 85' lang='lat' dir='ltr'>promissum</span> <span class='ocrx_word' id='word_1_92' title='bbox 1215 439 1396 480; x_wconf 84' lang='lat' dir='ltr'>desperatis</span> 
     </span>
     <span class='ocr_line' id='line_1_27' title="bbox 876 486 1326 521; baseline 0 -2"><span class='ocrx_word' id='word_1_93' title='bbox 876 487 941 519; x_wconf 87' lang='lat' dir='ltr'>Per</span> <span class='ocrx_word' id='word_1_94' title='bbox 966 490 1000 518; x_wconf 92' lang='lat' dir='ltr'>te</span> <span class='ocrx_word' id='word_1_95' title='bbox 1022 487 1154 519; x_wconf 89' lang='lat' dir='ltr'>missum</span> <span class='ocrx_word' id='word_1_96' title='bbox 1178 486 1326 521; x_wconf 83' lang='lat' dir='ltr'>liberatis</span> 
     </span>
     <span class='ocr_line' id='line_1_28' title="bbox 926 535 1311 574; baseline 0.005 -6"><span class='ocrx_word' id='word_1_97' title='bbox 926 535 1000 574; x_wconf 88' lang='lat' dir='ltr'>Ore,</span> <span class='ocrx_word' id='word_1_98' title='bbox 1027 535 1126 568; x_wconf 86' lang='lat' dir='ltr'>corde</span> <span class='ocrx_word' id='word_1_99' title='bbox 1147 536 1311 571; x_wconf 77' lang='lat' dir='ltr'><strong>sumimus,</strong></span> 
     </span>
    </p>
   </div>
   <div class='ocr_carea' id='block_1_14' title="bbox 793 592 1357 733">
    <p class='ocr_par' dir='ltr' id='par_1_14' title="bbox 793 592 1357 733">
     <span class='ocr_line' id='line_1_29' title="bbox 793 592 1325 636; baseline 0 -9"><span class='ocrx_word' id='word_1_100' title='bbox 793 592 852 627; x_wconf 84' lang='lat' dir='ltr'>3b.</span> <span class='ocrx_word' id='word_1_101' title='bbox 876 592 949 625; x_wconf 87' lang='lat' dir='ltr'>Hoc</span> <span class='ocrx_word' id='word_1_102' title='bbox 973 602 1056 634; x_wconf 86' lang='lat' dir='ltr'>agno</span> <span class='ocrx_word' id='word_1_103' title='bbox 1082 594 1325 636; x_wconf 79' lang='lat' dir='ltr'>redemptionis,</span> 
     </span>
     <span class='ocr_line' id='line_1_30' title="bbox 877 641 1317 676; baseline 0.005 -2"><span class='ocrx_word' id='word_1_104' title='bbox 877 641 948 674; x_wconf 91' lang='lat' dir='ltr'>Hoc</span> <span class='ocrx_word' id='word_1_105' title='bbox 972 642 1007 674; x_wconf 84' lang='lat' dir='ltr'>in</span> <span class='ocrx_word' id='word_1_106' title='bbox 1034 651 1133 676; x_wconf 88' lang='lat' dir='ltr'>cornu</span> <span class='ocrx_word' id='word_1_107' title='bbox 1156 642 1317 676; x_wconf 87' lang='lat' dir='ltr'>unctionis</span> 
     </span>
     <span class='ocr_line' id='line_1_31' title="bbox 926 691 1357 733; baseline 0.007 -10"><span class='ocrx_word' id='word_1_108' title='bbox 926 691 1040 732; x_wconf 84' lang='lat' dir='ltr'>Signat</span> <span class='ocrx_word' id='word_1_109' title='bbox 1061 694 1357 733; x_wconf 84' lang='lat' dir='ltr'>tetragrammaton.</span> 
     </span>
    </p>
   </div>
   <div class='ocr_carea' id='block_1_15' title="bbox 794 748 1399 881">
    <p class='ocr_par' dir='ltr' id='par_1_15' title="bbox 794 748 1399 881">
     <span class='ocr_line' id='line_1_32' title="bbox 794 748 1399 790; baseline 0.005 -9"><span class='ocrx_word' id='word_1_110' title='bbox 794 748 853 782; x_wconf 73' lang='lat'>41).</span> <span class='ocrx_word' id='word_1_111' title='bbox 878 749 981 782; x_wconf 85' lang='lat' dir='ltr'>Tenet</span> <span class='ocrx_word' id='word_1_112' title='bbox 1007 750 1165 790; x_wconf 87' lang='lat' dir='ltr'>scriptum</span> <span class='ocrx_word' id='word_1_113' title='bbox 1190 749 1272 783; x_wconf 86' lang='lat' dir='ltr'>fides</span> <span class='ocrx_word' id='word_1_114' title='bbox 1299 751 1399 790; x_wconf 80' lang='lat' dir='ltr'>clara,</span> 
     </span>
     <span class='ocr_line' id='line_1_33' title="bbox 879 797 1338 839; baseline 0.007 -10"><span class='ocrx_word' id='word_1_115' title='bbox 879 797 1128 837; x_wconf 77' lang='lat' dir='ltr'>Testamentum,</span> <span class='ocrx_word' id='word_1_116' title='bbox 1156 799 1248 839; x_wconf 81' lang='lat' dir='ltr'>pacis</span> <span class='ocrx_word' id='word_1_117' title='bbox 1272 809 1338 837; x_wconf 82' lang='lat' dir='ltr'>ara,</span> 
     </span>
     <span class='ocr_line' id='line_1_34' title="bbox 928 846 1307 881; baseline 0.005 -2"><span class='ocrx_word' id='word_1_118' title='bbox 928 846 1039 879; x_wconf 82' lang='lat' dir='ltr'>Crucis</span> <span class='ocrx_word' id='word_1_119' title='bbox 1063 847 1098 879; x_wconf 85' lang='lat' dir='ltr'>iu</span> <span class='ocrx_word' id='word_1_120' title='bbox 1123 847 1307 881; x_wconf 75' lang='lat' dir='ltr'>novissimo.</span> 
     </span>
    </p>
   </div>
   <div class='ocr_carea' id='block_1_16' title="bbox 796 903 1378 1043">
    <p class='ocr_par' dir='ltr' id='par_1_16' title="bbox 796 903 1366 1043">
     <span class='ocr_line' id='line_1_35' title="bbox 796 903 1334 944; baseline 0.004 -8"><span class='ocrx_word' id='word_1_121' title='bbox 796 903 855 939; x_wconf 86' lang='lat' dir='ltr'>5b.</span> <span class='ocrx_word' id='word_1_122' title='bbox 876 904 963 937; x_wconf 83' lang='lat' dir='ltr'>Ecce</span> <span class='ocrx_word' id='word_1_123' title='bbox 987 913 1115 944; x_wconf 85' lang='lat' dir='ltr'>manna,</span> <span class='ocrx_word' id='word_1_124' title='bbox 1148 913 1223 938; x_wconf 88' lang='lat' dir='ltr'>ecce</span> <span class='ocrx_word' id='word_1_125' title='bbox 1250 906 1334 939; x_wconf 79' lang='lat' dir='ltr'>calix</span> 
     </span>
     <span class='ocr_line' id='line_1_36' title="bbox 879 952 1322 995; baseline 0.005 -10"><span class='ocrx_word' id='word_1_126' title='bbox 879 952 953 985; x_wconf 88' lang='lat' dir='ltr'>Tibi</span> <span class='ocrx_word' id='word_1_127' title='bbox 979 952 1092 995; x_wconf 77' lang='lat' dir='ltr'>gloria,</span> <span class='ocrx_word' id='word_1_128' title='bbox 1118 954 1205 986; x_wconf 86' lang='lat' dir='ltr'>salus</span> <span class='ocrx_word' id='word_1_129' title='bbox 1229 954 1322 987; x_wconf 87' lang='lat' dir='ltr'>nobis</span> 
     </span>
     <span class='ocr_line' id='line_1_37' title="bbox 927 994 1378 1043; baseline 0.002 -9"><span class='ocrx_word' id='word_1_130' title='bbox 927 1002 1032 1034; x_wconf 82' lang='lat' dir='ltr'>Tanto</span> <span class='ocrx_word' id='word_1_131' title='bbox 1057 1002 1163 1042; x_wconf 88' lang='lat' dir='ltr'>pretio</span> <span class='ocrx_word' id='word_1_132' title='bbox 1188 994 1378 1043; x_wconf 77' lang='lat' dir='ltr'>redemptis.</span> 
     </span>
    </p>
   </div>
   <div class='ocr_carea' id='block_1_17' title="bbox 755 1078 828 1107">
    <p class='ocr_par' dir='ltr' id='par_1_17' title="bbox 755 1078 828 1107">
     <span class='ocr_line' id='line_1_38' title="bbox 755 1078 828 1107; baseline -0.014 0"><span class='ocrx_word' id='word_1_133' title='bbox 755 1101 761 1107; x_wconf 91' lang='lat'>.</span> <span class='ocrx_word' id='word_1_134' title='bbox 786 1078 828 1107; x_wconf 73' lang='lat'>12.</span> 
     </span>
    </p>
   </div>
   <div class='ocr_carea' id='block_1_18' title="bbox 540 1193 986 1226">
    <p class='ocr_par' dir='ltr' id='par_1_18' title="bbox 540 1193 986 1226">
     <span class='ocr_line' id='line_1_39' title="bbox 540 1193 986 1226; baseline -0.004 -1"><span class='ocrx_word' id='word_1_135' title='bbox 540 1193 602 1226; x_wconf 71' lang='grc' dir='ltr'>Γιε).</span> <span class='ocrx_word' id='word_1_136' title='bbox 644 1194 686 1226; x_wconf 83' lang='lat' dir='ltr'>De</span> <span class='ocrx_word' id='word_1_137' title='bbox 708 1194 807 1226; x_wconf 81' lang='lat' dir='ltr'>beata</span> <span class='ocrx_word' id='word_1_138' title='bbox 826 1193 927 1226; x_wconf 78' lang='lat' dir='ltr'>Maria</span> <span class='ocrx_word' id='word_1_139' title='bbox 951 1194 986 1224; x_wconf 73' lang='lat' dir='ltr'>V.</span> 
     </span>
    </p>
   </div>
   <div class='ocr_carea' id='block_1_19' title="bbox 102 1273 529 1356">
    <p class='ocr_par' dir='ltr' id='par_1_19' title="bbox 102 1273 529 1356">
     <span class='ocr_line' id='line_1_40' title="bbox 102 1273 515 1315; baseline 0.007 -9"><span class='ocrx_word' id='word_1_140' title='bbox 102 1274 157 1307; x_wconf 82' lang='lat' dir='ltr'>la.</span> <span class='ocrx_word' id='word_1_141' title='bbox 183 1273 311 1307; x_wconf 78' lang='lat' dir='ltr'>Mariae</span> <span class='ocrx_word' id='word_1_142' title='bbox 335 1274 515 1315; x_wconf 67' lang='lat' dir='ltr'>virginitas,</span> 
     </span>
     <span class='ocr_line' id='line_1_41' title="bbox 184 1321 529 1356; baseline 0.003 -2"><span class='ocrx_word' id='word_1_143' title='bbox 184 1321 285 1355; x_wconf 84' lang='lat' dir='ltr'>Fides</span> <span class='ocrx_word' id='word_1_144' title='bbox 312 1326 345 1355; x_wconf 83' lang='lat' dir='ltr'>et</span> <span class='ocrx_word' id='word_1_145' title='bbox 369 1323 529 1356; x_wconf 74' lang='lat' dir='ltr'>humilitas</span> 
     </span>
    </p>
   </div>
   <div class='ocr_carea' id='block_1_20' title="bbox 233 1371 687 1419">
    <p class='ocr_par' dir='ltr' id='par_1_20' title="bbox 233 1371 687 1419">
     <span class='ocr_line' id='line_1_42' title="bbox 233 1371 687 1419; baseline 0.007 -17"><span class='ocrx_word' id='word_1_146' title='bbox 233 1371 335 1403; x_wconf 85' lang='lat' dir='ltr'>Nobis</span> <span class='ocrx_word' id='word_1_147' title='bbox 361 1371 427 1404; x_wconf 88' lang='lat' dir='ltr'>sint</span> <span class='ocrx_word' id='word_1_148' title='bbox 451 1372 486 1405; x_wconf 89' lang='lat' dir='ltr'>in</span> <span class='ocrx_word' id='word_1_149' title='bbox 510 1372 687 1419; x_wconf 66' lang='lat' dir='ltr'>speculum,</span> 
     </span>
    </p>
   </div>
   <div class='ocr_carea' id='block_1_21' title="bbox 186 1428 645 1725">
    <p class='ocr_par' dir='ltr' id='par_1_21' title="bbox 186 1428 645 1725">
     <span class='ocr_line' id='line_1_43' title="bbox 187 1428 574 1470; baseline 0.005 -9"><span class='ocrx_word' id='word_1_150' title='bbox 187 1428 283 1470; x_wconf 82' lang='lat' dir='ltr'>Cujus</span> <span class='ocrx_word' id='word_1_151' title='bbox 308 1431 423 1462; x_wconf 87' lang='lat' dir='ltr'>mentis</span> <span class='ocrx_word' id='word_1_152' title='bbox 448 1431 574 1470; x_wconf 85' lang='lat' dir='ltr'>puritas</span> 
     </span>
     <span class='ocr_line' id='line_1_44' title="bbox 186 1477 563 1519; baseline 0.003 -10"><span class='ocrx_word' id='word_1_153' title='bbox 186 1477 325 1518; x_wconf 69' lang='lat' dir='ltr'>votique</span> <span class='ocrx_word' id='word_1_154' title='bbox 353 1479 563 1519; x_wconf 87' lang='lat' dir='ltr'>primaevitas</span> 
     </span>
     <span class='ocr_line' id='line_1_45' title="bbox 230 1526 639 1568; baseline 0.005 -10"><span class='ocrx_word' id='word_1_155' title='bbox 230 1526 430 1568; x_wconf 77' lang='lat' dir='ltr'>Exemplant</span> <span class='ocrx_word' id='word_1_156' title='bbox 453 1527 639 1568; x_wconf 72' lang='lat' dir='ltr'>diluculum,</span> 
     </span>
     <span class='ocr_line' id='line_1_46' title="bbox 188 1583 562 1626; baseline 0.003 -9"><span class='ocrx_word' id='word_1_157' title='bbox 188 1583 285 1626; x_wconf 83' lang='lat' dir='ltr'>Cujus</span> <span class='ocrx_word' id='word_1_158' title='bbox 314 1586 403 1626; x_wconf 77' lang='lat' dir='ltr'>viget</span> <span class='ocrx_word' id='word_1_159' title='bbox 426 1585 562 1619; x_wconf 75' lang='lat' dir='ltr'>firmitas</span> 
     </span>
     <span class='ocr_line' id='line_1_47' title="bbox 187 1632 567 1676; baseline 0.003 -10"><span class='ocrx_word' id='word_1_160' title='bbox 187 1632 257 1666; x_wconf 82' lang='lat' dir='ltr'>Nec</span> <span class='ocrx_word' id='word_1_161' title='bbox 282 1635 367 1674; x_wconf 81' lang='lat' dir='ltr'>perit</span> <span class='ocrx_word' id='word_1_162' title='bbox 392 1633 567 1676; x_wconf 83' lang='lat' dir='ltr'>frigiditas,</span> 
     </span>
     <span class='ocr_line' id='line_1_48' title="bbox 237 1682 645 1725; baseline 0.005 -11"><span class='ocrx_word' id='word_1_163' title='bbox 237 1682 312 1715; x_wconf 79' lang='lat' dir='ltr'>Cum</span> <span class='ocrx_word' id='word_1_164' title='bbox 340 1684 428 1724; x_wconf 87' lang='lat' dir='ltr'>parit</span> <span class='ocrx_word' id='word_1_165' title='bbox 451 1684 645 1725; x_wconf 81' lang='lat' dir='ltr'>igniculum:</span> 
     </span>
    </p>
   </div>
   <div class='ocr_carea' id='block_1_22' title="bbox 98 1429 157 1462">
    <p class='ocr_par' dir='ltr' id='par_1_22' title="bbox 98 1429 157 1462">
     <span class='ocr_line' id='line_1_49' title="bbox 98 1429 157 1462; baseline 0.017 -1"><span class='ocrx_word' id='word_1_166' title='bbox 98 1429 157 1462; x_wconf 71' lang='lat'>221.</span> 
     </span>
    </p>
   </div>
   <div class='ocr_carea' id='block_1_23' title="bbox 102 1586 158 1619">
    <p class='ocr_par' dir='ltr' id='par_1_23' title="bbox 102 1586 158 1619">
     <span class='ocr_line' id='line_1_50' title="bbox 102 1586 158 1619; baseline -0.018 0"><span class='ocrx_word' id='word_1_167' title='bbox 102 1586 158 1619; x_wconf 82' lang='lat' dir='ltr'>3a.</span> 
     </span>
    </p>
   </div>
   <div class='ocr_carea' id='block_1_24' title="bbox 100 1740 564 1831">
    <p class='ocr_par' dir='ltr' id='par_1_24' title="bbox 100 1740 564 1831">
     <span class='ocr_line' id='line_1_51' title="bbox 100 1740 495 1783; baseline 0.003 -9"><span class='ocrx_word' id='word_1_168' title='bbox 100 1742 158 1774; x_wconf 68' lang='lat'>43.</span> <span class='ocrx_word' id='word_1_169' title='bbox 189 1740 214 1774; x_wconf 93' lang='grc' dir='ltr'>Ο</span> <span class='ocrx_word' id='word_1_170' title='bbox 239 1740 318 1774; x_wconf 81' lang='lat' dir='ltr'>fidei</span> <span class='ocrx_word' id='word_1_171' title='bbox 344 1741 495 1783; x_wconf 79' lang='lat' dir='ltr'>dignitas,</span> 
     </span>
     <span class='ocr_line' id='line_1_52' title="bbox 186 1788 564 1831; baseline 0.005 -9"><span class='ocrx_word' id='word_1_172' title='bbox 186 1788 283 1831; x_wconf 79' lang='lat' dir='ltr'>Cujus</span> <span class='ocrx_word' id='word_1_173' title='bbox 309 1789 421 1824; x_wconf 77' lang='lat' dir='ltr'>sorbet,</span> <span class='ocrx_word' id='word_1_174' title='bbox 444 1792 564 1824; x_wconf 85' lang='lat' dir='ltr'>veritas</span> 
     </span>
    </p>
   </div>
   <div class='ocr_carea' id='block_1_25' title="bbox 231 1839 625 1882">
    <p class='ocr_par' dir='ltr' id='par_1_25' title="bbox 231 1839 625 1882">
     <span class='ocr_line' id='line_1_53' title="bbox 231 1839 625 1882; baseline 0.005 -11"><span class='ocrx_word' id='word_1_175' title='bbox 231 1839 364 1872; x_wconf 81' lang='lat' dir='ltr'>Erroris</span> <span class='ocrx_word' id='word_1_176' title='bbox 391 1841 625 1882; x_wconf 80' lang='lat' dir='ltr'>crepusculum,</span> 
     </span>
    </p>
   </div>
   <div class='ocr_carea' id='block_1_26' title="bbox 186 1896 642 2038">
    <p class='ocr_par' dir='ltr' id='par_1_26' title="bbox 186 1896 642 2038">
     <span class='ocr_line' id='line_1_54' title="bbox 189 1896 521 1940; baseline 0.009 -11"><span class='ocrx_word' id='word_1_177' title='bbox 189 1896 213 1929; x_wconf 96' lang='lat' dir='ltr'>O</span> <span class='ocrx_word' id='word_1_178' title='bbox 241 1896 321 1930; x_wconf 77' lang='lat' dir='ltr'>felix</span> <span class='ocrx_word' id='word_1_179' title='bbox 345 1898 521 1940; x_wconf 87' lang='lat' dir='ltr'>humilitas,</span> 
     </span>
     <span class='ocr_line' id='line_1_55' title="bbox 186 1946 642 1986; baseline 0.009 -9"><span class='ocrx_word' id='word_1_180' title='bbox 186 1946 240 1978; x_wconf 88' lang='lat' dir='ltr'>Ad</span> <span class='ocrx_word' id='word_1_181' title='bbox 270 1955 365 1986; x_wconf 84' lang='lat' dir='ltr'>quam</span> <span class='ocrx_word' id='word_1_182' title='bbox 386 1946 490 1980; x_wconf 87' lang='lat' dir='ltr'>flectit</span> <span class='ocrx_word' id='word_1_183' title='bbox 512 1948 642 1981; x_wconf 85' lang='lat' dir='ltr'>trinitas</span> 
     </span>
     <span class='ocr_line' id='line_1_56' title="bbox 234 1994 534 2038; baseline 0.01 -12"><span class='ocrx_word' id='word_1_184' title='bbox 234 1994 370 2027; x_wconf 80' lang='lat' dir='ltr'>Pietatis</span> <span class='ocrx_word' id='word_1_185' title='bbox 397 1996 534 2038; x_wconf 87' lang='lat' dir='ltr'>oculum,</span> 
     </span>
    </p>
   </div>
   <div class='ocr_carea' id='block_1_27' title="bbox 187 2052 667 2192">
    <p class='ocr_par' dir='ltr' id='par_1_27' title="bbox 187 2052 667 2192">
     <span class='ocr_line' id='line_1_57' title="bbox 189 2052 526 2088; baseline 0.006 -3"><span class='ocrx_word' id='word_1_186' title='bbox 189 2052 214 2085; x_wconf 94' lang='lat' dir='ltr'>O</span> <span class='ocrx_word' id='word_1_187' title='bbox 240 2052 370 2085; x_wconf 84' lang='lat' dir='ltr'>virtutis</span> <span class='ocrx_word' id='word_1_188' title='bbox 397 2054 526 2088; x_wconf 71' lang='lat' dir='ltr'>entitas,</span> 
     </span>
     <span class='ocr_line' id='line_1_58' title="bbox 187 2099 503 2144; baseline 0.006 -12"><span class='ocrx_word' id='word_1_189' title='bbox 187 2099 322 2134; x_wconf 78' lang='lat' dir='ltr'>Gratiae</span> <span class='ocrx_word' id='word_1_190' title='bbox 346 2103 503 2144; x_wconf 78' lang='lat' dir='ltr'>totalitas,</span> 
     </span>
     <span class='ocr_line' id='line_1_59' title="bbox 234 2149 667 2192; baseline 0.002 -10"><span class='ocrx_word' id='word_1_191' title='bbox 234 2149 364 2182; x_wconf 86' lang='lat' dir='ltr'>Morum</span> <span class='ocrx_word' id='word_1_192' title='bbox 388 2150 667 2192; x_wconf 80' lang='lat' dir='ltr'>perpendiculum,</span> 
     </span>
    </p>
   </div>
   <div class='ocr_carea' id='block_1_28' title="bbox 103 1897 160 1930">
    <p class='ocr_par' dir='ltr' id='par_1_28' title="bbox 103 1897 160 1930">
     <span class='ocr_line' id='line_1_60' title="bbox 103 1897 160 1930; baseline 0.018 -1"><span class='ocrx_word' id='word_1_193' title='bbox 103 1897 160 1930; x_wconf 80' lang='lat' dir='ltr'>5u.</span> 
     </span>
    </p>
   </div>
   <div class='ocr_carea' id='block_1_29' title="bbox 102 2053 161 2085">
    <p class='ocr_par' dir='ltr' id='par_1_29' title="bbox 102 2053 161 2085">
     <span class='ocr_line' id='line_1_61' title="bbox 102 2053 161 2085; baseline 0 0"><span class='ocrx_word' id='word_1_194' title='bbox 102 2053 161 2085; x_wconf 89' lang='lat' dir='ltr'>6a.</span> 
     </span>
    </p>
   </div>
   <div class='ocr_carea' id='block_1_30' title="bbox 800 1274 1310 1406">
    <p class='ocr_par' dir='ltr' id='par_1_30' title="bbox 800 1274 1310 1406">
     <span class='ocr_line' id='line_1_62' title="bbox 800 1274 1310 1316; baseline 0 -8"><span class='ocrx_word' id='word_1_195' title='bbox 800 1274 857 1310; x_wconf 82' lang='lat' dir='ltr'>lb.</span> <span class='ocrx_word' id='word_1_196' title='bbox 881 1274 979 1316; x_wconf 83' lang='lat' dir='ltr'>Cujus</span> <span class='ocrx_word' id='word_1_197' title='bbox 1005 1284 1130 1308; x_wconf 87' lang='lat' dir='ltr'>summa</span> <span class='ocrx_word' id='word_1_198' title='bbox 1154 1275 1310 1308; x_wconf 79' lang='lat' dir='ltr'>sanctitas</span> 
     </span>
     <span class='ocr_line' id='line_1_63' title="bbox 880 1324 1237 1357; baseline 0.003 -2"><span class='ocrx_word' id='word_1_199' title='bbox 880 1324 979 1356; x_wconf 79' lang='lat' dir='ltr'>Velut</span> <span class='ocrx_word' id='word_1_200' title='bbox 1001 1324 1079 1357; x_wconf 84' lang='lat' dir='ltr'>solis</span> <span class='ocrx_word' id='word_1_201' title='bbox 1105 1325 1237 1357; x_wconf 84' lang='lat' dir='ltr'>claritas</span> 
     </span>
     <span class='ocr_line' id='line_1_64' title="bbox 931 1373 1297 1406; baseline 0 -1"><span class='ocrx_word' id='word_1_202' title='bbox 931 1373 1099 1405; x_wconf 73' lang='lat' dir='ltr'>illuminat</span> <span class='ocrx_word' id='word_1_203' title='bbox 1123 1373 1297 1406; x_wconf 81' lang='lat' dir='ltr'>saeculum.</span> 
     </span>
    </p>
   </div>
   <div class='ocr_carea' id='block_1_31' title="bbox 797 1431 1339 1562">
    <p class='ocr_par' dir='ltr' id='par_1_31' title="bbox 797 1431 1339 1562">
     <span class='ocr_line' id='line_1_65' title="bbox 797 1431 1216 1473; baseline -0.002 -9"><span class='ocrx_word' id='word_1_204' title='bbox 797 1431 858 1465; x_wconf 84' lang='lat' dir='ltr'>2b.</span> <span class='ocrx_word' id='word_1_205' title='bbox 881 1431 1022 1464; x_wconf 89' lang='lat' dir='ltr'>Pudoris</span> <span class='ocrx_word' id='word_1_206' title='bbox 1045 1431 1216 1473; x_wconf 76' lang='lat' dir='ltr'>integm&#39;tas</span> 
     </span>
     <span class='ocr_line' id='line_1_66' title="bbox 881 1480 1248 1521; baseline 0 -9"><span class='ocrx_word' id='word_1_207' title='bbox 881 1481 1064 1521; x_wconf 78' lang='lat' dir='ltr'>Partusque</span> <span class='ocrx_word' id='word_1_208' title='bbox 1093 1480 1248 1513; x_wconf 81' lang='lat' dir='ltr'>nobilitas</span> 
     </span>
     <span class='ocr_line' id='line_1_67' title="bbox 932 1528 1339 1562; baseline -0.002 0"><span class='ocrx_word' id='word_1_209' title='bbox 932 1528 1080 1562; x_wconf 85' lang='lat' dir='ltr'>Cristalli</span> <span class='ocrx_word' id='word_1_210' title='bbox 1105 1528 1339 1562; x_wconf 86' lang='lat' dir='ltr'>umbraculum.</span> 
     </span>
    </p>
   </div>
   <div class='ocr_carea' id='block_1_32' title="bbox 797 1588 1310 1727">
    <p class='ocr_par' dir='ltr' id='par_1_32' title="bbox 797 1588 1310 1727">
     <span class='ocr_line' id='line_1_68' title="bbox 797 1588 1205 1628; baseline -0.002 -7"><span class='ocrx_word' id='word_1_211' title='bbox 797 1588 857 1621; x_wconf 86' lang='lat' dir='ltr'>3b.</span> <span class='ocrx_word' id='word_1_212' title='bbox 882 1588 934 1621; x_wconf 84' lang='lat' dir='ltr'>Ita</span> <span class='ocrx_word' id='word_1_213' title='bbox 958 1588 1046 1628; x_wconf 86' lang='lat' dir='ltr'>parit</span> <span class='ocrx_word' id='word_1_214' title='bbox 1072 1588 1205 1621; x_wconf 86' lang='lat' dir='ltr'>castitas</span> 
     </span>
     <span class='ocr_line' id='line_1_69' title="bbox 882 1635 1310 1678; baseline 0.002 -10"><span class='ocrx_word' id='word_1_215' title='bbox 882 1635 952 1669; x_wconf 85' lang='lat' dir='ltr'>Nec</span> <span class='ocrx_word' id='word_1_216' title='bbox 978 1635 1102 1678; x_wconf 81' lang='lat' dir='ltr'>frangit</span> <span class='ocrx_word' id='word_1_217' title='bbox 1126 1635 1310 1670; x_wconf 85' lang='lat' dir='ltr'>fecunditas</span> 
     </span>
     <span class='ocr_line' id='line_1_70' title="bbox 931 1685 1305 1727; baseline 0 -8"><span class='ocrx_word' id='word_1_218' title='bbox 931 1685 1070 1720; x_wconf 81' lang='lat' dir='ltr'>Pudoris</span> <span class='ocrx_word' id='word_1_219' title='bbox 1095 1685 1305 1727; x_wconf 80' lang='lat' dir='ltr'>signaculum.</span> 
     </span>
    </p>
   </div>
   <div class='ocr_carea' id='block_1_33' title="bbox 799 1744 1383 1876">
    <p class='ocr_par' dir='ltr' id='par_1_33' title="bbox 799 1744 1383 1876">
     <span class='ocr_line' id='line_1_71' title="bbox 799 1744 1293 1785; baseline 0.002 -8"><span class='ocrx_word' id='word_1_220' title='bbox 799 1744 860 1778; x_wconf 79' lang='lat' dir='ltr'>4b.</span> <span class='ocrx_word' id='word_1_221' title='bbox 885 1744 984 1785; x_wconf 79' lang='lat' dir='ltr'>Cujus</span> <span class='ocrx_word' id='word_1_222' title='bbox 1010 1754 1074 1777; x_wconf 87' lang='lat' dir='ltr'>non</span> <span class='ocrx_word' id='word_1_223' title='bbox 1099 1744 1293 1782; x_wconf 73' lang='lat' dir='ltr'>adversitas,</span> 
     </span>
     <span class='ocr_line' id='line_1_72' title="bbox 885 1792 1336 1827; baseline 0 -1"><span class='ocrx_word' id='word_1_224' title='bbox 885 1793 974 1827; x_wconf 82' lang='lat' dir='ltr'>Crux</span> <span class='ocrx_word' id='word_1_225' title='bbox 1000 1796 1056 1826; x_wconf 85' lang='lat' dir='ltr'>aut</span> <span class='ocrx_word' id='word_1_226' title='bbox 1080 1794 1195 1826; x_wconf 86' lang='lat' dir='ltr'>mortis</span> <span class='ocrx_word' id='word_1_227' title='bbox 1222 1792 1336 1826; x_wconf 83' lang='lat' dir='ltr'>feritas</span> 
     </span>
     <span class='ocr_line' id='line_1_73' title="bbox 933 1842 1383 1876; baseline -0.002 0"><span class='ocrx_word' id='word_1_228' title='bbox 933 1842 1117 1876; x_wconf 77' lang='lat' dir='ltr'>Obscurant</span> <span class='ocrx_word' id='word_1_229' title='bbox 1141 1843 1383 1876; x_wconf 83' lang='lat' dir='ltr'>carbunculum.</span> 
     </span>
    </p>
   </div>
   <div class='ocr_carea' id='block_1_34' title="bbox 802 1900 1286 2033">
    <p class='ocr_par' dir='ltr' id='par_1_34' title="bbox 802 1900 1286 2033">
     <span class='ocr_line' id='line_1_74' title="bbox 802 1900 1286 1942; baseline 0 -8"><span class='ocrx_word' id='word_1_230' title='bbox 802 1901 861 1934; x_wconf 85' lang='lat' dir='ltr'>5b.</span> <span class='ocrx_word' id='word_1_231' title='bbox 887 1900 987 1942; x_wconf 84' lang='lat' dir='ltr'>Cujus</span> <span class='ocrx_word' id='word_1_232' title='bbox 1013 1905 1127 1934; x_wconf 87' lang='lat' dir='ltr'>tenens</span> <span class='ocrx_word' id='word_1_233' title='bbox 1153 1902 1286 1935; x_wconf 88' lang='lat' dir='ltr'>semitas</span> 
     </span>
     <span class='ocr_line' id='line_1_75' title="bbox 885 1950 1284 1984; baseline -0.003 -1"><span class='ocrx_word' id='word_1_234' title='bbox 885 1950 1004 1983; x_wconf 83' lang='lat' dir='ltr'>Matris</span> <span class='ocrx_word' id='word_1_235' title='bbox 1029 1950 1140 1982; x_wconf 84' lang='lat' dir='ltr'>hausit</span> <span class='ocrx_word' id='word_1_236' title='bbox 1165 1950 1284 1984; x_wconf 84' lang='lat' dir='ltr'>caritas</span> 
     </span>
     <span class='ocr_line' id='line_1_76' title="bbox 933 1998 1257 2033; baseline 0.006 -3"><span class='ocrx_word' id='word_1_237' title='bbox 933 1998 1076 2031; x_wconf 86' lang='lat' dir='ltr'>Deitatis</span> <span class='ocrx_word' id='word_1_238' title='bbox 1103 1999 1257 2033; x_wconf 86' lang='lat' dir='ltr'>osculum.</span> 
     </span>
    </p>
   </div>
   <div class='ocr_carea' id='block_1_35' title="bbox 802 2055 1285 2190">
    <p class='ocr_par' dir='ltr' id='par_1_35' title="bbox 802 2055 1285 2190">
     <span class='ocr_line' id='line_1_77' title="bbox 802 2055 1250 2096; baseline 0.004 -8"><span class='ocrx_word' id='word_1_239' title='bbox 802 2056 862 2089; x_wconf 74' lang='lat' dir='ltr'>ssb.</span> <span class='ocrx_word' id='word_1_240' title='bbox 888 2055 913 2089; x_wconf 93' lang='lat' dir='ltr'>O</span> <span class='ocrx_word' id='word_1_241' title='bbox 940 2055 1097 2090; x_wconf 88' lang='lat' dir='ltr'>virtutum</span> <span class='ocrx_word' id='word_1_242' title='bbox 1124 2056 1250 2096; x_wconf 58' lang='lat' dir='ltr'>civitas</span> 
     </span>
     <span class='ocr_line' id='line_1_78' title="bbox 885 2104 1235 2145; baseline 0.006 -9"><span class='ocrx_word' id='word_1_243' title='bbox 885 2104 923 2137; x_wconf 88' lang='lat' dir='ltr'>In</span> <span class='ocrx_word' id='word_1_244' title='bbox 950 2113 1015 2145; x_wconf 84' lang='lat' dir='ltr'>qua</span> <span class='ocrx_word' id='word_1_245' title='bbox 1039 2104 1103 2138; x_wconf 90' lang='lat' dir='ltr'>sibi</span> <span class='ocrx_word' id='word_1_246' title='bbox 1131 2105 1235 2139; x_wconf 85' lang='lat' dir='ltr'>deitas</span> 
     </span>
     <span class='ocr_line' id='line_1_79' title="bbox 933 2152 1285 2190; baseline 0.014 -5"><span class='ocrx_word' id='word_1_247' title='bbox 933 2152 1028 2186; x_wconf 85' lang='lat' dir='ltr'>Fecit</span> <span class='ocrx_word' id='word_1_248' title='bbox 1053 2154 1285 2190; x_wconf 86' lang='lat' dir='ltr'>habitaculum.</span> 
     </span>
    </p>
   </div>
   <div class='ocr_carea' id='block_1_36' title="bbox 511 2209 1004 2349">
    <p class='ocr_par' dir='ltr' id='par_1_36' title="bbox 511 2209 1004 2349">
     <span class='ocr_line' id='line_1_80' title="bbox 511 2209 1004 2244; baseline 0.006 -3"><span class='ocrx_word' id='word_1_249' title='bbox 511 2211 542 2242; x_wconf 88' lang='grc'>’7.</span> <span class='ocrx_word' id='word_1_250' title='bbox 569 2209 637 2242; x_wconf 78' lang='lat' dir='ltr'>Nos</span> <span class='ocrx_word' id='word_1_251' title='bbox 663 2210 705 2242; x_wconf 88' lang='lat' dir='ltr'>ad</span> <span class='ocrx_word' id='word_1_252' title='bbox 729 2211 817 2244; x_wconf 87' lang='lat' dir='ltr'>vitae</span> <span class='ocrx_word' id='word_1_253' title='bbox 841 2209 1004 2244; x_wconf 85' lang='lat' dir='ltr'>ferculum</span> 
     </span>
     <span class='ocr_line' id='line_1_81' title="bbox 570 2259 983 2293; baseline 0.005 -2"><span class='ocrx_word' id='word_1_254' title='bbox 570 2259 648 2291; x_wconf 87' lang='lat' dir='ltr'>Post</span> <span class='ocrx_word' id='word_1_255' title='bbox 673 2259 786 2291; x_wconf 85' lang='lat' dir='ltr'>mortis</span> <span class='ocrx_word' id='word_1_256' title='bbox 810 2260 983 2293; x_wconf 84' lang='lat' dir='ltr'>articulum</span> 
     </span>
     <span class='ocr_line' id='line_1_82' title="bbox 618 2306 958 2349; baseline 0.009 -11"><span class='ocrx_word' id='word_1_257' title='bbox 618 2306 690 2339; x_wconf 84' lang='lat' dir='ltr'>Tua</span> <span class='ocrx_word' id='word_1_258' title='bbox 720 2308 818 2342; x_wconf 79' lang='lat' dir='ltr'>ducat</span> <span class='ocrx_word' id='word_1_259' title='bbox 841 2308 958 2349; x_wconf 89' lang='lat' dir='ltr'>pietas.</span> 
     </span>
    </p>
   </div>
   <div class='ocr_carea' id='block_1_37' title="bbox 181 2382 1434 2429">
    <p class='ocr_par' dir='ltr' id='par_1_37' title="bbox 181 2382 1434 2429">
     <span class='ocr_line' id='line_1_83' title="bbox 181 2382 1434 2429; baseline 0.009 -17"><span class='ocrx_word' id='word_1_260' title='bbox 181 2387 266 2416; x_wconf 64' lang='lat' dir='ltr'>Miss.</span> <span class='ocrx_word' id='word_1_261' title='bbox 297 2393 351 2412; x_wconf 85' lang='lat' dir='ltr'>ms.</span> <span class='ocrx_word' id='word_1_262' title='bbox 383 2384 413 2412; x_wconf 86' lang='lat' dir='ltr'>S.</span> <span class='ocrx_word' id='word_1_263' title='bbox 442 2382 526 2411; x_wconf 82' lang='lat' dir='ltr'>Petri</span> <span class='ocrx_word' id='word_1_264' title='bbox 556 2384 704 2412; x_wconf 87' lang='lat' dir='ltr'>Insulens.</span> <span class='ocrx_word' id='word_1_265' title='bbox 735 2392 812 2412; x_wconf 83' lang='lat' dir='ltr'>saec.</span> <span class='ocrx_word' id='word_1_266' title='bbox 845 2385 891 2415; x_wconf 86' lang='lat'>16.</span> <span class='ocrx_word' id='word_1_267' title='bbox 918 2386 980 2415; x_wconf 81' lang='lat' dir='ltr'>Cod</span> <span class='ocrx_word' id='word_1_268' title='bbox 1018 2389 1165 2418; x_wconf 72' lang='lat' dir='ltr'>insulens.</span> <span class='ocrx_word' id='word_1_269' title='bbox 1196 2387 1245 2418; x_wconf 82' lang='lat'>25.</span> <span class='ocrx_word' id='word_1_270' title='bbox 1270 2406 1306 2410; x_wconf 92' lang='lat'>—</span> <span class='ocrx_word' id='word_1_271' title='bbox 1334 2394 1394 2429; x_wconf 78' lang='grc'>)1),</span> <span class='ocrx_word' id='word_1_272' title='bbox 1427 2398 1434 2422; x_wconf 88' lang='lat'>:</span> 
     </span>
    </p>
   </div>
   <div class='ocr_carea' id='block_1_38' title="bbox 103 2421 760 2459">
    <p class='ocr_par' dir='ltr' id='par_1_38' title="bbox 103 2421 760 2459">
     <span class='ocr_line' id='line_1_84' title="bbox 103 2421 760 2459; baseline -0.006 -4"><span class='ocrx_word' id='word_1_273' title='bbox 103 2422 298 2455; x_wconf 70' lang='lat' dir='ltr'>01¹1sta]i‚—-</span> <span class='ocrx_word' id='word_1_274' title='bbox 317 2425 369 2457; x_wconf 66' lang='lat'>121,</span> <span class='ocrx_word' id='word_1_275' title='bbox 390 2421 409 2450; x_wconf 83' lang='lat'>2</span> <span class='ocrx_word' id='word_1_276' title='bbox 430 2431 520 2459; x_wconf 84' lang='lat' dir='ltr'>quam</span> <span class='ocrx_word' id='word_1_277' title='bbox 539 2423 610 2451; x_wconf 74' lang='lat' dir='ltr'>felix</span> <span class='ocrx_word' id='word_1_278' title='bbox 630 2423 760 2451; x_wconf 79' lang='lat' dir='ltr'>trinitas.</span> 
     </span>
    </p>
   </div>
   <div class='ocr_carea' id='block_1_39' title="bbox 1589 729 1652 2678">
    <p class='ocr_par' dir='ltr' id='par_1_39' title="bbox 1589 729 1652 2678">
     <span class='ocr_line' id='line_1_85' title="bbox 1589 729 1652 2678; baseline 0 0"><span class='ocrx_word' id='word_1_279' title='bbox 1589 729 1652 2678; x_wconf 95' lang='lat' dir='ltr'> </span> 
     </span>
    </p>
   </div>
  </div>
 </body>
</html>
