1652 2678
746 66 1011 103 -188-

289 165 373 193 Miss.
395 175 449 194 ms.
465 165 656 194 Carnotense.
678 172 756 193 saec.
770 161 845 192 14l15.
861 163 931 191 Cod.
946 163 1117 192 Carnotens.
1145 158 1210 189 523.
1225 161 1260 188 A.
1282 174 1321 179 —
1340 161 1425 189 Misi.
1442 161 1551 188 Carno-

207 206 294 232 tense
313 205 384 239 imp.
405 205 531 233 Parisiis
554 202 638 232 1500.
659 203 693 231 B.

657 332 725 364 248.
767 331 811 363 De
831 331 940 362 sancto
963 330 1094 362 (lodone-

209 416 266 448 13.
295 415 439 448 Godonis
465 414 639 454 praeconio
910 411 968 446 lb.
990 411 1122 444 Amoris
1147 411 1301 453 suffragio

294 462 422 495 Serviat
447 470 518 493 cum
540 460 658 501 gaudio
988 458 1147 493 Laetetur
1171 459 1254 492 haec
1280 459 1401 492 concio,

292 510 436 542 Fervens
465 509 626 541 desiderio
990 507 1140 542 Psallens
1168 516 1240 540 cum
1265 507 1412 548 tripudio

339 556 443 589 Verus
469 566 569 590 amor.
1040 555 1157 588 Cordis
1185 556 1326 589 clamor:

206 617 264 649 2a.
290 615 363 647 Ave
387 623 513 654 gemma
537 614 746 654 medicorum,
906 613 967 647 21).
993 614 1074 647 Post
1101 614 1187 647 vitae
1211 614 1409 647 curriculum

290 662 464 702 Speculum
489 661 699 701 Gallicorum,
992 662 1164 704 Seraphim
1190 663 1234 696 ad
1258 661 1418 695 ferculum

291 710 339 742 Te
366 710 459 742 decet
483 711 517 743 in
543 710 698 750 populum
989 711 1112 745 Invitet
1136 712 1223 744 hunc
1243 712 1400 752 populum

336 759 424 791 Laus
451 761 479 790 et
506 758 620 792 honor.
1037 760 1176 792 Precum
1203 761 1296 795 odor.

204 817 261 850 321.
290 816 315 849 O
342 819 473 848 terrena
497 815 635 857 fugiens,
903 817 963 851 3b.
988 816 1176 859 Languidos
1201 818 1391 860 respiciens,

288 864 456 897 Mundana
483 865 677 908 despiciam,
986 865 1133 908 Benigne
1156 867 1330 907 recipiens,

282 913 322 945 In
347 912 417 953 Oya
442 913 575 945 veniens
986 913 1057 946 Deo
1083 914 1217 948 favente
1242 915 1385 956 largiens

335 962 400 994 Per
426 961 545 996 divina,
1033 963 1212 995 Medicina.

201 1020 263 1052 4a.
290 1018 315 1051 O
342 1021 454 1059 pastor
481 1019 619 1060 egregie,
902 1019 963 1053 4b.
986 1019 1034 1052 Te
1059 1020 1232 1053 laudantes
1257 1020 1355 1053 hodie

286 1066 435 1100 Medicus
462 1066 645 1107 epidiniiae,
988 1068 1163 1108 Quiescant
1186 1069 1221 1101 in
1247 1069 1369 1109 requie.

287 1114 473 1147 Praesentis
498 1115 656 1148 ecelesiae
988 1116 1055 1150 Ubi
1079 1118 1171 1159 pacis
1197 1122 1232 1151 et
1254 1118 1369 1151 veniae

333 1162 588 1203 Nutrimentum‚
1034 1166 1308 1199 Fundamentum.

203 1222 263 1255 ὕει.
291 1220 316 1253 O
342 1220 433 1253 Godo
458 1220 617 1261 amabilis,
902 1222 962 1257 5b.
987 1222 1112 1256 Chorus
1137 1227 1174 1256 ut
1198 1224 1254 1256 hic
1277 1224 1418 1256 humilis.

286 1268 414 1300 Virtute
438 1268 623 1309 laudabilis,
986 1272 1140 1305 Pelicano
1165 1272 1291 1314 similis,

287 1315 339 1348 Sis
363 1317 436 1356 pius
464 1320 495 1348 et
518 1316 691 1357 placabilis
983 1320 1048 1353 Per
1073 1323 1106 1352 te
1131 1323 1229 1361 queat
1257 1321 1370 1354 nobilis

335 1364 557 1406 Redemptori‚
1034 1368 1125 1401 Bene
1150 1370 1244 1402 mori.

277 1440 361 1468 Miss.
381 1441 433 1469 Tre
451 1450 527 1469 ,ense
549 1443 618 1478 imp.
639 1441 744 1469 Trecis
767 1440 851 1471 1533.

631 1573 700 1605 249.
741 1573 784 1606 De
803 1577 913 1608 sancto
935 1575 1099 1619 Gregorio.

199 1652 254 1685 la.
282 1649 389 1685 Adest
414 1653 482 1685 dies
508 1654 693 1695 recolenda,
897 1657 957 1691 lb.
977 1658 1068 1690 Almi
1088 1659 1192 1700 patris
1220 1658 1381 1700 Gregorii,

280 1700 379 1733 Dulci
401 1702 484 1733 melo
509 1703 745 1743 prosequenda.
980 1706 1148 1740 Pontificis
1175 1708 1296 1749 eximii,

328 1749 498 1782 Revehens
521 1750 678 1784 solemnia
1028 1755 1185 1789 Intrantis
1209 1758 1247 1789 in
1271 1758 1400 1801 gaudia:

197 1808 255 1840 Za.
282 1807 370 1847 Quae
394 1808 547 1848 promisit
570 1808 666 1843 Jesus
694 1810 772 1842 dare
896 1812 956 1847 2b.
982 1813 1158 1855 Gregorius
1183 1824 1265 1856 prae
1291 1816 1408 1849 ceteris

278 1856 351 1897 His,
380 1857 434 1897 qui
458 1857 582 1890 vellent
605 1867 641 1890 se
666 1867 776 1892 amare
979 1863 1109 1896 Aetatis
1136 1872 1214 1896 suae
1238 1865 1349 1905 pueris

327 1905 409 1938 Post
431 1906 547 1938 mortis
574 1907 699 1940 exsilia.
1027 1910 1215 1944 Literarum
1241 1913 1352 1946 studia

196 1963 252 1996 321.
279 1963 414 1996 Amavit
439 1967 470 1996 et
494 1965 688 2006 postposuit,
895 1967 955 2001 3b.
978 1968 1121 2009 Vigebat
1144 1970 1180 2002 in
1204 1969 1363 2012 Gregorio

279 2011 400 2050 Quibus
426 2013 538 2045 noceri
557 2014 664 2053 potuit
978 2016 1111 2056 Duplex
1140 2018 1249 2060 decuS‚
1276 2019 1404 2061 religio,

324 2060 443 2093 Mundi
463 2060 635 2096 lenocinia.
1029 2063 1166 2098 Generis
1191 2068 1356 2110 prosapia,

192 2119 253 2152 4a.
278 2116 392 2150 Dulcis
418 2127 508 2150 amor
533 2119 736 2159 paupertatis
893 2120 956 2155 412.
976 2122 1043 2155 Hic
1068 2122 1232 2159 defunctis
1255 2127 1447 2167 parentibus

281 2164 360 2198 Cum
388 2167 543 2207 despectu
569 2167 735 2207 vanitatiS‚
978 2171 1109 2212 Magnis
1137 2173 1259 2206 ditatus
1286 2175 1403 2215 opibus

329 2214 494 2246 Virtutum
517 2215 668 2256 insignia.
1027 2218 1388 2267 Struxitnmonastefia,

195 2271 250 2303 5a.
277 2271 418 2310 Quorum
442 2273 476 2304 in
501 2282 565 2305 uno
592 2272 767 2312 clauditur,
895 2273 954 2308 5b.
981 2276 1079 2310 Unde
1103 2278 1225 2312 invitus
1250 2280 1388 2321 rapitur,

279 2317 338 2350 Cui
362 2320 495 2352 tandem
520 2319 711 2360 praeficitur
976 2325 1115 2359 Praesul
1140 2327 1213 2360 orbi
1237 2326 1436 2368 praeficitur,

325 2366 501 2407 Insignitas
527 2369 642 2408 gratia.
1023 2374 1209 2414 Applaudit
1235 2375 1382 2409 ecelesia.
