1652 2678
201 409 261 442 2a.

204 612 261 645 3a.

203 767 262 800 4a.

204 971 253 1004 5a

204 1125 263 1158 6a.

204 1280 262 1313 7a.

203 1482 259 1515 Sa.

205 1589 261 1622 9a.

180 1792 262 1825 lOa.

717 138 984 174 —295—

631 233 693 265 391.
734 233 778 265 De
799 234 908 265 sancto
931 232 1069 271 Quirino.

650 306 681 339 1.
710 305 816 339 Gantu
842 305 964 337 celebri

711 356 743 386 et
767 353 875 386 studio
900 353 1050 395 vigilanti

288 408 474 443 Laudemus
499 410 604 444 Deum

285 457 450 498 supplices

286 514 325 537 ac
348 505 438 539 illius
464 506 694 548 glorificandos

286 556 459 597 martyres,

289 611 343 644 Ex
368 620 504 652 quorum
529 622 663 646 numero

286 663 399 692 noster
424 664 555 694 sanctus
583 664 632 693 est
656 661 820 702 Quirinus,

287 711 414 749 martyr
439 709 699 750 gloriosissimus.

290 765 456 807 Quidquid
481 776 620 808 namque

287 814 363 846 tulit
390 814 513 848 doloris

289 871 350 903 per
377 871 531 896 conamen

286 910 483 945 nutriendae
508 910 640 953 sobolis,

289 969 352 1001 llle
377 978 454 1011 ergo

288 1017 366 1050 totis
392 1017 516 1050 viribus

287 1065 442 1098 coelestia
468 1066 658 1099 desiderans

292 1122 371 1156 Cum
399 1124 538 1156 necdum

288 1171 477 1212 sanguinem
503 1171 637 1214 fuderit,

289 1223 364 1253 voto
389 1224 516 1261 martyr
542 1220 676 1261 exstitit,

290 1278 356 1310 Hic
380 1276 460 1310 fidei
485 1279 632 1310 sincerae

287 1326 439 1367 proditus
465 1326 657 1367 adhaerere,

288 1378 520 1415 praesentatur
545 1375 654 1415 iniquo

288 1423 358 1463 regi
385 1422 533 1458 Claudio.

287 1481 335 1514 At
358 1480 422 1513 Dei
451 1480 572 1514 famulo

286 1529 399 1562 mortis
425 1539 534 1571 pugna
558 1529 664 1561 minus
690 1527 821 1561 sufficit.

289 1587 373 1620 Nam
399 1596 517 1629 corpus

288 1636 324 1667 in
350 1633 469 1668 flumen
495 1637 638 1676 positum

290 1683 368 1715 inde
392 1685 474 1716 miro
501 1684 629 1716 levatur

290 1731 406 1764 effectu
431 1733 608 1773 signorum.

291 1789 387 1822 Nunc
413 1798 489 1832 ergo
515 1800 545 1830 ο,
573 1790 716 1832 Quirine,

292 1838 413 1872 Christi
441 1839 535 1871 miles
561 1838 683 1879 inclite,

903 411 962 444 2b.

906 613 954 647 3b

905 767 966 801 4b.

905 969 963 1003 5b.

906 1123 965 1157 6b.

907 1276 965 1310 7b.

907 1479 966 1513 8b.

908 1586 966 1621 9b.

884 1789 968 1823 10b.

685 1897 740 1930 11.
766 1897 817 1928 Ac
841 1895 956 1929 fideles

768 1945 888 1985 adjuva
913 1952 1034 1977 omnes.

986 411 1047 451 Qui
1074 419 1204 444 carnem
1228 420 1319 444 suam

988 469 1088 492 varus

983 507 1105 548 jugiter
1131 507 1361 541 crucifixerunt
1386 515 1456 538 cum

987 555 1086 589 vitiis

959 639 966 647 .
989 613 1092 646 Beata
1116 614 1232 646 merito

988 664 1092 694 mater
1116 661 1184 706 illa,
1212 670 1293 702 quae
1318 660 1437 693 meruit

988 710 1064 742 talis
1089 708 1149 742 filii
1173 712 1351 742 stemmata.

989 767 1229 809 Recompensat

989 816 1058 847 nati
1085 815 1222 849 dulcedo

990 863 1024 895 in
1051 866 1203 896 aeternae

989 911 1147 944 claritatis
1173 912 1301 953 gaudio.

987 968 1119 1010 Sprevit
1142 970 1237 1002 luxus

990 1017 1096 1049 carnis
1121 1018 1266 1050 lubricae

989 1068 1021 1097 et
1045 1065 1144 1098 totius
1169 1066 1334 1099 lasciviae.

991 1122 1169 1155 Conterens

988 1171 1118 1211 penitus
1144 1171 1251 1204 omnia

989 1219 1085 1259 hujus
1112 1219 1224 1251 mundi
1249 1219 1376 1260 gaudia.

987 1276 1088 1316 Quem
1112 1278 1202 1317 prius
1228 1275 1438 1318 flagellatum,

992 1324 1110 1357 dehinc
1134 1325 1231 1357 rebus
1257 1325 1423 1366 nudatum,

989 1373 1202 1413 supplantare
1226 1382 1291 1405 non
1316 1374 1428 1406 valens

992 1421 1121 1454 demum
1147 1422 1285 1463 Jugulat.

990 1480 1098 1512 Aucta
1123 1483 1173 1513 est
1197 1479 1301 1521 gloria

988 1531 1160 1569 postquam
1186 1530 1335 1561 creverat
1359 1527 1505 1561 victoria.

992 1586 1084 1627 Quod
1109 1590 1184 1628 post
1210 1586 1291 1618 haec

990 1635 1025 1667 in
1050 1644 1152 1675 parvo
1177 1639 1323 1675 tempore

991 1686 1072 1715 nutu
1098 1683 1159 1716 Dei
1186 1683 1379 1715 translatum

995 1731 1091 1763 datur
1117 1732 1288 1765 Bavariae.

991 1789 1184 1822 Precatibus
1211 1789 1351 1822 assiduis

991 1837 1098 1870 locum
1125 1838 1172 1870 tui
1198 1837 1343 1878 corporis

256 2013 377 2041 Prosar.
398 2022 453 2041 ms.
474 2013 660 2050 'regui-inum
680 2019 757 2039 saec.
781 2009 826 2039 11.
847 2012 888 2039 in.
912 2010 982 2039 Cod.
1005 2010 1188 2039 Londinens.
1210 2011 1284 2039 Add.
1309 2010 1415 2040 19768.

597 2124 665 2157 392.
708 2124 753 2156 De
774 2126 887 2156 sancta
907 2123 1110 2165 Radegunde.

177 2200 238 2235 la.
264 2198 488 2239 Radegundis,

261 2248 395 2288 reginae
423 2246 658 2287 sanctissimae,

175 2309 233 2343 2a.
261 2307 331 2348 Qua
358 2306 477 2338 educta
500 2303 629 2346 fatigati

262 2354 417 2396 Corporis
444 2355 619 2396 ergastulo,

258 2405 341 2446 Ejus
367 2403 477 2437 anima

260 2454 350 2489 Coeli
376 2453 508 2487 scandit
531 2452 666 2494 palatia.
727 2459 730 2462 ·

884 2196 949 2230 lb.

883 2303 942 2338 2b.

973 2196 1167 2230 Recolamus

969 2245 1055 2277 diem
1082 2245 1300 2288 devotissime,

967 2303 1192 2344 Corruptelam
1219 2305 1340 2346 quippe
1367 2306 1473 2339 carnis

967 2352 1065 2385 Virili
1092 2354 1275 2387 constantia

966 2401 1054 2434 Vicit
1081 2400 1203 2435 femina

965 2450 1120 2485 Modesta
1142 2452 1350 2493 parsimonia.
