1652 2678
722 88 964 125 —79—

873 187 932 221 5b.
954 188 1035 221 Esto
1059 187 1153 220 nobis

1005 236 1039 269 in
1061 236 1256 276 adjutorium

171 184 229 218 5a.
255 184 345 227 Ergo
372 186 454 219 coeli

304 237 475 276 terraeque
503 236 641 271 domina,

254 282 427 316 Excelsior
954 284 1000 317 Et
1021 293 1081 325 pro
1106 284 1199 317 nobis

304 333 378 373 plus
404 333 528 364 cunctis
555 331 685 369 femina,
1004 342 1103 366 exora
1126 331 1239 369 filium,

256 380 386 414 Mentes
414 385 542 413 nostras
953 381 1001 415 Ut
1024 382 1057 414 in
1084 381 1181 413 coelis

308 437 426 469 quaeso
452 429 608 472 illumina,
1007 430 1061 463 det
1086 429 1179 462 nobis
1203 429 1393 470 praemium,

353 476 471 510 Maria.
1054 477 1172 512 Maria.

249 528 333 557 Miss.
355 537 408 557 ms.
431 529 461 557 S.
485 529 567 557 Petri
590 529 797 558 Moissiaeens.
819 537 896 558 saec.
920 527 963 558 15.
989 530 1059 559 Cod.
1080 530 1220 558 Tolosan.
1244 528 1307 558 106.

599 594 648 627 95.
692 594 735 626 De
758 594 978 636 compassione
996 595 1086 628 BMV.

173 650 233 683 la.
260 651 320 690 Qui
345 660 406 692 per
431 651 516 683 viam
542 651 689 693 pergitis,
876 651 934 686 ib.
960 652 1078 685 Videte
1103 653 1320 692 spectaculum

306 699 372 731 Hie
397 708 520 731 mecum
546 700 667 740 sedete,
1004 702 1043 734 In
1070 709 1166 733 cruce
1189 700 1372 741 pendentis,

258 746 292 779 Si
321 750 371 779 est
397 747 489 780 dolor
514 748 628 780 similis
957 748 1052 781 More
1079 748 1260 782 damnatitii

303 795 349 829 Ut
375 804 474 835 meus,
503 796 621 836 videte,
1005 798 1140 830 crimina
1164 797 1282 830 luentis

255 843 366 876 Meum
394 844 521 877 dulcem
545 845 648 877 filium
955 846 1021 879 Pro
1049 848 1183 887 peceato
1210 845 1323 886 populi

303 893 434 925 Pariter
458 893 576 934 lugete.
1006 896 1142 927 mortem
1167 894 1332 934 patientis.

170 946 227 978 Za.
256 945 344 978 Ordo
364 946 448 987 juris
472 947 620 985 vertitur,
873 946 931 980 ab.
956 946 1062 986 Quare
1086 955 1175 978 meus
1201 945 1286 979 filius

303 994 462 1035 Aequitas
487 995 648 1035 turbatur,
1005 995 1235 1028 condemnatur
1259 994 1331 1027 ita?

257 1042 393 1075 Justitia
413 1042 567 1084 laeditur,
957 1044 1036 1077 Sine
1062 1052 1159 1075 eausa
1182 1044 1320 1075 moritur

304 1091 387 1123 ratio
413 1093 565 1131 mutatur,
1003 1091 1196 1125 morientum
1221 1092 1299 1131 vita,

256 1138 333 1171 Sine
358 1148 455 1172 causa
477 1138 562 1171 filius
957 1140 1002 1172 Et
1031 1149 1088 1182 ego
1113 1142 1180 1172 tam
1202 1141 1322 1172 misera

302 1196 392 1220 meus
416 1188 513 1219 morti
540 1188 644 1220 datur.
1005 1189 1077 1221 vivo
1100 1188 1168 1228 jam
1191 1188 1304 1221 invita.

170 1240 228 1274 32„
255 1240 338 1280 Quid
366 1240 525 1273 commisit
548 1239 697 1281 genitrix,
871 1240 929 1274 3b.
951 1241 1111 1281 Injustum
1133 1240 1302 1281 judicium,

304 1297 360 1320 eur
383 1287 518 1321 orbatur
540 1289 658 1328 prole‘.d
1000 1288 1140 1329 judices,
1166 1288 1343 1328 tractastis,

252 1335 318 1375 Me,
345 1336 481 1369 Judaea.
509 1335 587 1379 filio,
953 1337 1064 1370 Meum
1091 1337 1219 1370 dulcem
1243 1336 1346 1370 filium

299 1384 454 1418 mundum
478 1385 589 1425 privas
615 1384 692 1425 sole,
1001 1386 1121 1427 injuste
1147 1385 1335 1425 damnastis,

250 1433 350 1466 Patre
374 1433 485 1474 priva-s
510 1441 681 1474 pauperes,
956 1433 1056 1474 Quem
1083 1434 1187 1466 crucis
1213 1433 1359 1474 patibulo

300 1490 414 1523 aegros
439 1482 601 1522 adjutore.
999 1482 1081 1515 mori
1104 1482 1288 1522 judicastis.

165 1535 225 1567 4a.
252 1535 380 1568 Vertite
400 1534 559 1575 judicium
867 1534 926 1568 4b.
950 1535 1048 1577 Nato,
1075 1544 1204 1576 quaeso,
1231 1535 1366 1576 parcite,

299 1587 331 1615 et
355 1583 465 1617 videte
487 1584 573 1624 jura,
950 1584 1092 1617 Matrem
1119 1583 1307 1626 crucifigite,

251 1631 439 1665 Creatorem
463 1632 596 1673 perimit
950 1633 1017 1665 Aut
1042 1634 1077 1666 in
1103 1633 1207 1665 crucis
1234 1632 1347 1674 stipite

298 1680 376 1721 ejus'
393 1683 543 1713 ereatura
950 1681 1019 1714 Nos
1043 1682 1138 1714 simul
1163 1679 1288 1722 affigite

249 1728 294 1760 Et
319 1729 513 1762 condemnat
531 1730 693 1762 dominum
830 1758 845 1773 *
1002 1730 1091 1763 Male
1115 1730 1203 1762 solus
1228 1728 1375 1762 moritur.

298 1786 390 1810 suum
415 1780 520 1809 morte
546 1778 638 1810 dura·
750 1812 765 1828 ,2
789 1783 805 1799 '²‘
829 1813 844 1829 *
954 1788 1019 1822 Sed
1045 1787 1123 1829 quid
1148 1788 1292 1828 prodest,
1320 1787 1440 1819 misera

246 1835 338 1876 Quod
346 1835 697 1876 cri1nen‚quaesce1era
710 1841 726 1858 *
999 1837 1114 1877 loquor
1138 1836 1310 1876 induratis,

249 1883 426 1925 Commisit,
455 1893 533 1925 gens
556 1883 653 1917 effera
663 1885 679 1915 's

246 1932 376 1975 Vincla,
402 1933 523 1974 virgas,
549 1934 696 1974 vulnera,

247 1981 360 2023 Sputa,
389 1981 510 2023 spinas,
540 1984 648 2015 cetera

297 2031 373 2063 Sine
399 2039 496 2063 causa
522 2032 657 2072 patitur.

953 1884 1027 1917 Non
1052 1883 1226 1917 absolvunt
1249 1884 1389 1925 penitus,

999 1942 1095 1974 quem
1121 1933 1318 1966 damnarunt
1344 1934 1456 1976 gratis,

950 1981 1045 2015 Meus
1071 1981 1166 2014 Jesus
1195 1982 1332 2014 moritur

998 2030 1112 2063 mundi
1134 2039 1195 2071 pro
1221 2031 1373 2071 peccatis.

163 2084 219 2118 5a.
247 2083 296 2115 Mi
317 2084 493 2125 JohanneS,
519 2085 686 2126 proximos
867 2084 926 2118 5b.
950 2085 1037 2118 Hine
1061 2084 1137 2124 ruit,

293 2135 365 2165 tuos
389 2132 577 2175 deprecare,
948 2133 1037 2166 Hinc
1061 2131 1133 2166 fluit

247 2181 295 2215 Ut
319 2190 371 2214 me
397 2181 506 2214 sinant
531 2183 689 2227 vulnera,
997 2182 1096 2216 Unda
1120 2191 1195 2215 nam
1218 2182 1352 2215 cruoris

687 2229 703 2245 >k
844 2229 858 2244 ss

294 2231 411 2264 saltem
436 2230 582 2274 alligare,
947 2241 1021 2274 Non
1047 2240 1220 2283 sperabam
1245 2241 1365 2274 misera

243 2279 331 2320 Quae
349 2280 441 2314 vides
459 2282 525 2312 tam
535 2279 666 2313 fortiter
766 2289 780 2304 *
804 2261 820 2278 *
994 2290 1075 2323 talia
1100 2289 1213 2322 videre

291 2328 447 2371 sangnine
477 2338 622 2363 manare-
686 2347 702 2363 *
726 2318 741 2334 *
803 2318 818 2335 *
843 2347 857 2363 *
949 2338 1015 2372 Sed
1042 2315 1222 2372 credebam’
1239 2339 1347 2380 potius

238 2388 328 2421 Proh
356 2387 458 2428 dolor,
998 2388 1039 2421 de
1063 2388 1083 2423 J
1088 2396 1144 2420 esu
1168 2388 1320 2429 gaudere,

242 2436 316 2470 Jam
343 2438 431 2471 color
948 2438 1049 2479 Quem
1076 2437 1181 2471 erucis
1205 2438 1352 2479 patibulo

289 2487 519 2528 Exstinguitur
544 2488 620 2530 oris,
997 2487 1090 2520 video
1115 2487 1270 2528 pendere.
