1652 2678
811 119 1052 155 ,94-

259 220 320 252 4a.
347 217 557 250 Admiremur
583 221 614 250 et
639 226 698 251 nos
723 217 877 249 mundam
964 217 1024 250 4b.
1047 214 1207 246 Mundam
1233 224 1251 244 a
1279 212 1530 265 contactu-viri,

351 265 560 310 Genitricem,
586 267 645 299 sed
670 264 844 297 fecundam
1049 262 1088 294 In
1115 270 1179 301 qua
1203 263 1332 293 constat
1356 267 1482 291 couniri

397 314 597 346 Veneremur
624 313 792 354 virginem,
1099 308 1209 341 Verbo
1233 308 1338 349 patris
1364 306 1537 339 hominem.

263 375 322 408 5a.
348 373 448 413 Ergo,
475 372 566 412 virgo
593 374 697 403 mater
722 370 794 410 Dei,
966 369 1025 402 5b.
1049 367 1168 407 Regem
1195 370 1351 410 nostrum⁷
1378 367 1468 397 tuum
1485 369 1607 406 natum,

348 421 386 453 In
413 429 476 460 qua
498 428 623 451 summa
646 420 778 451 nostrae
803 418 875 457 spei
1051 415 1168 448 Redde
1197 415 1290 447 nobis
1316 414 1370 446 hic
1394 414 1560 454 placatum

400 467 554 501 Consistit
578 469 610 499 et
637 465 759 504 veniae,
1098 463 1167 495 Nos
1189 462 1370 495 reformans
1395 462 1531 503 gratiae.

263 528 322 561 6a.
350 526 407 567 Ut,
434 525 489 564 qui
512 532 643 556 consors
660 525 792 554 nostrae
808 523 905 554 sortis
967 522 1025 556 6b.
1051 520 1135 553 Suae
1164 520 1258 554 nobis
1287 520 1418 553 deitatis

348 574 387 606 In
419 580 514 603 cruce
538 580 599 611 pro
624 570 718 603 nobis
743 570 857 603 mortis
1050 569 1097 602 Et
1121 571 1274 602 aeternae
1300 568 1459 602 claritatis

400 620 540 652 Pertulit
570 619 746 659 angustias,
1100 616 1258 652 Conferat
1287 617 1430 651 delicias

345 696 435 724 Grad.
457 705 499 724 m„
534 696 717 733 Ratingense
738 704 815 724 saec.
838 694 913 724 1³¹14.
936 695 1197 724 clnnMonacens.
1221 693 1330 723 10075.
1345 694 1379 722 Α.
1395 709 1430 713 --
1449 694 1534 722 Miss.
1555 702 1609 721 ms.

267 735 384 764 Novesi
402 743 451 762 nse
481 743 557 763 saec.
587 733 621 763 15
631 757 633 762 ,
665 733 735 762 Οοῐῖ.
761 735 925 763 Parisiens.
956 732 1064 764 12063.
1087 735 1120 762 Β.
1142 750 1180 754 -
1201 734 1288 762 Mel.:
1316 733 1484 770 Virginalis
1511 735 1610 761 turma

264 782 364 803 SCXUS.

718 866 773 899 117.
814 867 856 899 De
878 867 977 899 beata
996 866 1099 899 llaria
1116 867 1153 898 V.

268 941 326 974 la.
355 939 527 980 Templum
552 939 743 980 pudicitiae,
971 939 1030 973 lb.
1053 937 1272 979 Naufraganti
1296 939 1353 971 lux
1379 938 1463 975 viae,

401 987 497 1020 Nova
521 988 618 1021 stella
641 987 753 1028 maris,
1104 986 1222 1018 Portus
1248 986 1412 1020 salutaris.

269 1047 328 1079 Za.
357 1045 420 1077 Per
444 1048 478 1077 te
503 1046 551 1077 sol
574 1045 731 1086 justitiae,
971 1045 1031 1078 ab.
1054 1044 1123 1077 Nos
1150 1047 1280 1085 coaptet
1306 1044 1440 1086 gloriae,

400 1093 502 1134 Lapis
528 1093 693 1135 angularis
1104 1093 1142 1125 In
1169 1102 1233 1133 qua
1258 1092 1420 1134 gloriaris.

268 1153 328 1186 3a.
356 1151 448 1192 Roga
472 1154 600 1192 patrem
626 1151 703 1191 filia,
971 1152 1031 1187 3b.
1055 1150 1135 1184 Cum
1168 1151 1255 1183 dulci
1279 1150 1423 1184 melodia

402 1199 502 1232 Placa
526 1203 631 1233 mater
654 1200 767 1241 filium,
1103 1199 1179 1232 Tibi
1204 1209 1268 1232 vox
1292 1199 1501 1240 psallentium

268 1260 327 1292 4a.
354 1258 420 1290 Per
442 1260 500 1290 tua
521 1258 669 1290 subsidia
970 1258 1029 1292 4b.
1053 1257 1146 1297 Quod
1172 1266 1237 1289 non
1261 1258 1357 1290 tollat
1385 1256 1472 1289 dulia

402 1305 485 1337 Dari
509 1307 618 1346 poscit
638 1306 799 1344 bravium,
1102 1305 1175 1338 Nec
1203 1306 1370 1347 demergat
1394 1304 1519 1337 vitium.

269 1366 326 1398 5a.
353 1361 492 1395 Efficaci
516 1366 573 1396 tua
593 1372 692 1404 prece
971 1365 1031 1399 5b.
1055 1364 1110 1397 Sic
1136 1364 1302 1397 collaudet
1325 1367 1359 1396 te
1383 1372 1447 1396 vox
1474 1363 1576 1406 chori,

355 1412 450 1445 Omni
471 1421 530 1444 nos
554 1412 694 1445 emunda
719 1411 820 1446 faece.
1057 1412 1102 1446 Ut
1128 1415 1258 1453 coaptet
1279 1421 1315 1445 se
1342 1421 1397 1444 cor
1421 1412 1482 1446 ori.

270 1665 318 1698 la

268 1869 325 1900 2a.

269 2071 327 2104 3a.

269 2275 318 2306 4a

346 1488 390 1516 Mi
402 1497 431 1516 ·s.
453 1497 507 1516 ms.
523 1489 676 1517 Parisiens
715 1496 793 1517 saec.
817 1487 860 1517 15.
884 1489 955 1518 bod.
977 1490 1189 1525 Rotomagens.
1210 1487 1277 1516 279.

719 1591 775 1624 118.
816 1592 860 1624 De
881 1592 976 1625 beata
996 1592 1100 1625 illaria
1120 1593 1157 1624 V.

321 1688 327 1694 .
357 1663 460 1697 Stella
484 1664 584 1696 maris
608 1664 780 1705 luminosa,
969 1665 1028 1699 ib.
1051 1665 1105 1697 Ex
1130 1674 1242 1706 regum
1268 1665 1372 1706 stirpe
1397 1662 1542 1696 formosa

354 1712 456 1753 Virga
479 1711 600 1745 florens
627 1716 661 1745 et
685 1711 851 1747 frondosa.
1054 1714 1135 1746 Orta
1160 1712 1266 1754 fulget
1290 1721 1448 1755 generosa

350 1761 453 1801 Quam
478 1761 596 1802 rigavit
623 1761 754 1801 copiosa
1053 1762 1154 1803 Virgo
1181 1762 1328 1804 pmdens
1355 1764 1388 1793 et
1410 1759 1564 1803 formosa,

403 1809 544 1842 Deitatis
572 1811 687 1851 gratia,
1101 1811 1275 1844 Trinitatis
1306 1810 1421 1853 gloria.

353 1867 406 1900 Ab
429 1871 562 1901 aeterno
588 1869 750 1910 ordinata,
969 1870 1030 1903 ab.
1053 1869 1228 1910 Nunquam
1253 1868 1318 1902 fuit,
1341 1869 1502 1902 maculata

352 1916 466 1948 Mente
490 1918 594 1957 patris
620 1917 792 1955 occultata,
1056 1918 1120 1951 Sed
1148 1921 1262 1951 saneta
1285 1919 1477 1959 priusquam
1501 1921 1579 1951 nata

352 1963 468 1996 Multis
499 1966 599 2006 signis
624 1965 765 2008 figurata
1055 1966 1101 1999 Et
1126 1966 1167 1999 ab
1194 1967 1318 2009 angelis
1345 1969 1475 1999 servata

401 2013 491 2046 Mira
515 2014 732 2054 providentia.
1102 2014 1228 2055 Magna
1259 2015 1438 2056 diligentia.

355 2069 439 2103 Sunt
462 2071 599 2112 impleta
622 2074 699 2105 vota
723 2074 827 2113 grata,
970 2073 1029 2106 3b.
1053 2073 1091 2105 In
1115 2075 1224 2105 aetate
1255 2073 1425 2115 designata

356 2118 443 2151 Dum
467 2120 502 2152 in
527 2122 649 2161 templo
677 2122 727 2151 est
752 2120 862 2152 oblata
1056 2121 1144 2153 Voce
1169 2121 1306 2154 coelitus
1333 2122 1443 2155 delata

353 2166 544 2209 Jugiterque
567 2168 754 2208 mancipata
1059 2168 1155 2202 Casto
1182 2171 1307 2212 Joseph
1332 2170 1372 2204 fit
1394 2175 1551 2212 sponsata

401 2216 521 2249 Divino
545 2217 688 2250 servitio.
1106 2217 1274 2259 Stupendo
1304 2219 1439 2255 indicio.

322 2301 328 2306 .
356 2274 559 2307 salvatorem
585 2274 763 2317 generavit,
970 2276 1031 2309 4b.
1055 2275 1145 2309 Bene
1170 2280 1279 2312 tamen
1305 2278 1486 2311 reservavit

357 2322 455 2355 Unde
477 2324 585 2363 justus
610 2324 662 2356 vir
688 2322 830 2363 expavit,
1054 2325 1222 2358 Arcanum
1247 2335 1308 2358 nec
1333 2326 1525 2368 divulgavit,

356 2370 479 2412 Sciens,
506 2372 592 2412 quod
618 2381 683 2405 non
708 2371 886 2403 reservavit
1059 2373 1217 2413 Sponsam
1245 2376 1304 2407 sed
1328 2374 1550 2415 magnificavit

403 2419 603 2459 virginalem
631 2421 818 2453 clausulam.
1104 2422 1231 2455 Tantae
1255 2423 1358 2462 prolis
1383 2424 1540 2463 gerulam.
