1652 2678
716 92 980 127 -189—

202 187 259 219 63.
289 186 374 219 Olim
399 188 520 221 scholis
547 190 703 233 eruditus,

286 233 384 267 Nunc
411 236 506 269 docet
530 237 623 270 illum
649 238 784 279 spiritus

338 282 463 324 Sapere
490 286 652 319 eoelestia.

202 340 258 375 73.
286 341 348 381 Qui
373 343 546 375 sublevare
570 345 686 377 nititur

286 390 340 422 Ad
364 390 434 432 illa,
462 391 578 431 quibus
604 393 760 435 pascitur,

336 437 424 472 Coeli
452 440 626 475 desideria.

199 495 256 528 8a.
286 496 384 528 Plebs
408 497 556 530 Romana
580 498 749 540 liberatur,

286 542 402 578 Virtus
426 554 533 586 papae
560 547 744 579 declaratur

331 592 396 625 Per
419 594 533 626 mundi
560 593 709 627 confinia.

199 650 255 685 93.
284 650 355 684 Offa
381 652 488 684 carnis
514 651 696 684 dominicae

283 698 441 739 Gregorio
466 699 621 739 pontifice

330 748 361 778 A
386 746 450 779 Dei
475 747 647 780 clementia

172 804 253 837 103.
279 803 435 837 Precibus
461 804 639 838 salutiferis

279 852 457 892 Trajanum
483 852 524 885 ab
550 853 666 887 inferis

327 900 433 934 Solvit
457 904 490 934 et
513 902 656 943 miseria,

167 957 210 991 11
220 968 250 992 a.
278 959 436 999 vigilavit
460 959 647 1002 Gregorius,

277 1008 434 1049 Vigilavit
460 1009 627 1050 attentius,

325 1056 448 1096 Vigilat
471 1057 506 1089 in
531 1057 645 1097 gloria.

167 1112 211 1146 12
222 1123 252 1147 a.
279 1114 336 1147 Ad
362 1112 485 1147 fluenta
508 1115 694 1156 purissima,

275 1163 365 1203 Quae
391 1166 446 1195 tua
472 1163 581 1195 haurit
599 1164 723 1204 anima,

323 1211 397 1243 Due
421 1214 534 1244 nostra
563 1212 709 1254 collegia,

905 192 963 227 611.
988 192 1052 225 Ore
1075 193 1199 225 mellito
1224 191 1376 233 loquitur,

990 240 1072 273 Stilo
1097 241 1212 273 morali
1238 239 1386 282 graditur

1036 289 1213 330 Tangendo
1238 286 1444 330 praecordia,

903 347 962 380 7b.
988 347 1154 380 Praesulis
1179 347 1265 379 sacri
1290 344 1455 387 precibus,

986 395 1121 428 Monitis
1145 395 1341 428 salutaribus

1033 443 1130 476 Peste
1153 443 1336 484 inguinaria

900 500 963 536 811.
987 501 1097 534 Omnis
1122 503 1235 542 pastor
1259 499 1454 533 informatur

982 549 1054 582 Rex
1079 559 1151 582 011111
1173 550 1260 582 clero
1286 549 1457 591 gloriatur,

1033 597 1115 637 Ejus
1141 598 1312 638 sapientia.

900 654 958 687 9b.
981 655 1066 688 Caro
1089 664 1166 687 vere
1191 656 1384 694 ostenditur,

984 702 1072 741 Quae
1097 704 1255 744 sanguine
1278 703 1449 744 intingitur

1030 750 1186 784 Miranda
1210 752 1366 792 potentia.

874 807 957 842 10b.
980 807 1099 841 Servus
1123 809 1269 850 prudens
1296 812 1329 842 et
1352 807 1470 850 fidelis,

979 856 1067 889 Dum
1092 866 1229 898 sponsus
1255 858 1344 891 redit
1365 866 1383 889 e
1400 857 1509 899 caelis,

1031 904 1145 938 Mente
1170 909 1298 946 spectat
1321 905 1439 938 sobria.

873 961 914 995 11
925 962 955 995 b.
982 961 1131 996 Gloriose
1155 964 1288 1004 praesul
1315 963 1447 1004 Christi,

975 1011 1114 1044 Placens
1140 1011 1210 1044 Deo
1236 1012 1291 1052 qui
1317 1010 1409 1043 fuisti

1026 1060 1065 1092 111
1093 1060 1199 1092 earnis
1224 1060 1420 1100 praesentia,

871 1116 955 1151 1212.
979 1116 1027 1150 Ut
1051 1111 1164 1150 abluta
1185 1118 1270 1150 laete
1294 1117 1349 1158 pio

977 1165 1135 1198 Laetetur
1158 1168 1271 1198 nostra
1296 1165 1407 1198 concio

1026 1214 1065 1248 111
1089 1214 1219 1246 coelesti
1246 1214 1346 1247 ouria.

247 1296 367 1324 Prosar.
389 1306 442 1325 ms.
462 1296 692 1325 Marehianense
713 1305 790 1326 5300.
813 1295 858 1325 15.
881 1296 951 1326 Cod.
973 1299 1123 1327 Duacens.
1147 1295 1211 1327 123.

600 1449 669 1482 250.
710 1449 755 1482 De
777 1450 886 1482 saneto
910 1448 1073 1491 Gregorio.

162 1529 220 1563 13.
249 1529 415 1571 Spiritalis
440 1529 501 1563 filii

247 1579 344 1612 Beati
370 1578 522 1621 Gregorii

296 1627 470 1661 Celebrent
495 1628 662 1667 solemma,

160 1687 218 1719 23.
246 1686 389 1719 Ornatus
414 1685 594 1720 moralibus

246 1734 342 1768 Prius
368 1734 561 1767 liberalibus

294 1782 420 1816 Studiis
446 1781 604 1825 refloruit,

160 1846 217 1877 33,
246 1841 370 1874 Factus
394 1841 527 1882 praesul
554 1840 695 1874 feminae

294 1889 444 1930 Nequam
468 1893 630 1923 monstrat
655 1891 771 1923 semini

244 1939 284 1972 111
307 1938 521 1971 similitudine

294 1988 410 2021 Carnis
437 1996 554 2028 eorpus
580 1987 731 2029 Domini3

157 2047 216 2079 4a.
245 2045 351 2086 Super
376 2055 471 2087 quem
495 2046 674 2085 insederat,

242 2095 374 2136 Equum
399 2095 511 2127 statim
536 2094 658 2127 liberat

292 2142 431 2176 Artibus
458 2152 478 2175 3
502 2143 655 2185 magicis3

157 2205 218 2239 53.
247 2203 272 2236 O
304 2203 419 2235 doctor
445 2201 584 2246 egregie,

242 2252 334 2285 Tuae
359 2251 454 2284 nobis
480 2251 607 2291 gratiae

293 2298 414 2334 Confer
439 2308 500 2341 per
525 2299 680 2332 auxilium

868 1531 926 1564 lb.
953 1530 1059 1564 Corde
1085 1533 1151 1564 toto
1178 1531 1342 1571 gaudeant

950 1580 996 1612 Et
1022 1579 1136 1613 efferre
1161 1579 1315 1612 studeant

1000 1628 1109 1669 Ipsius
1134 1628 1320 1669 praeconia.

865 1686 924 1719 212.
950 1686 1075 1727 Dignus
1101 1684 1268 1727 pontificio

948 1735 1120 1776 Fugitivus
1146 1734 1239 1767 radio

1000 1784 1090 1817 Coeli
1116 1783 1198 1816 lueis
1225 1783 1343 1823 patuit.

865 1842 923 1874 3b.
947 1841 1026 1874 Post
1050 1841 1085 1874 in
1110 1841 1204 1882 panis
1230 1841 1403 1882 pristinam

997 1889 1150 1923 Formam
1177 1889 1264 1922 hane
1288 1889 1441 1932 restituit,

949 1938 1068 1979 Sicque
1091 1938 1191 1971 fidem
1217 1936 1370 1970 feminam

998 1987 1224 2020 Praedieando
1253 1987 1372 2022 docuit.

863 2046 923 2080 4b.
946 2046 1053 2079 Pestis
1078 2046 1262 2088 inguinaria

950 2094 1063 2128 Cessat
1088 2104 1149 2136 per
1179 2093 1334 2136 suffragia

995 2143 1076 2176 Tam
1102 2143 1208 2176 saneti
1233 2142 1408 2184 pontificis,

863 2203 922 2237 5b.
944 2202 1149 2235 Delietorum
1174 2202 1313 2243 veniam,

945 2250 994 2284 Ut
1017 2260 1145 2288 sursum
1171 2250 1215 2283 ad
1239 2251 1381 2292 patriam

996 2299 1162 2333 Dueamur
1189 2300 1387 2334 coelestium.

232 2392 319 2420 Miss.
341 2398 396 2419 ms.
419 2389 636 2418 Cameracense
657 2394 735 2415 5300.
759 2385 804 2415 14.
827 2386 898 2415 Cod.
921 2388 1126 2416 Uameraeens.
1151 2384 1215 2416 123.
1237 2388 1303 2416 add.
1326 2396 1402 2417 saec.
1426 2387 1470 2418 15.
