1652 2678
665 100 928 135 —131—

128 197 185 230 δα.
210 195 271 229 Vir
295 198 368 238 pius
394 199 559 232 modestus

210 245 263 278 his
289 247 408 287 spretis
435 248 582 280 omnibus

211 295 247 326 in
272 303 369 327 eruce
393 295 558 337 plectitur,

131 363 187 396 7a.
214 362 265 396 Tu
291 371 378 404 ergo,
403 365 516 396 sancte
538 363 682 401 Anthea,

214 411 340 452 pollens
365 411 451 443 inter
480 411 590 445 lucida

825 198 884 233 6b.
908 198 1064 239 Spiritum
1095 198 1234 239 exhalat,

909 247 1017 279 divino
1041 247 1161 279 lumine

908 294 1023 328 ductus
1049 299 1098 327 est
1123 295 1166 328 ad
1192 297 1289 327 astra.

825 363 883 398 7b.
904 363 1134 404 Apostolorum
1158 363 1296 404 agmina,

906 415 962 444 tua
985 420 1083 452 prece
1110 420 1167 444 nos
1193 411 1295 444 salva.

204 498 294 534 Trop.
316 505 369 525 ms.
393 497 606 526 Cameranense
625 505 702 525 saec.
722 494 798 525 1‘’ln.
816 496 887 526 [iod.
903 496 1104 525 Oameracens.
1125 495 1171 525 79.
1186 497 1219 525 A.
1241 511 1278 516 —
1299 497 1389 533 ’Ἧι-ορ.
1403 504 1456 524 ms.

128 535 342 565 Oameraeense
362 544 438 564 saec.
460 533 536 564 1²!12.
559 536 629 564 Cod.
653 536 855 565 Cameracens,
877 534 923 564 61.
945 536 977 564 Β.

576 677 639 709 172.
679 675 724 709 De
746 678 854 709 sancto
874 676 1009 709 Andrea.

129 759 185 792 1a.
212 758 297 791 Dum
324 757 480 791 transiret
503 768 564 798 per
590 755 749 791 Judaeam

212 806 259 839 Et
282 807 440 839 lustraret
465 806 654 850 Galilaeam‚

212 853 308 887 Vidit
329 856 462 888 Petrum
485 859 517 887 et
543 855 709 889 Andream

260 902 366 945 Jesus,
393 903 507 936 mundi
531 903 644 945 gloria.

129 973 186 1005 2a.
214 971 299 1011 Quos
325 971 454 1004 vocavit
478 980 498 1004 a
522 970 635 1004 labore

210 1019 257 1052 Et
280 1019 322 1052 ad
348 1019 446 1052 fidem
471 1019 512 1052 ab
539 1028 659 1060 errore,

211 1067 266 1100 Ad
292 1068 429 1100 salutem
454 1078 474 1100 a
498 1068 653 1108 languore

260 1115 423 1157 Singulari
450 1117 565 1157 gratia.

128 1184 186 1217 3a.
214 1183 295 1217 Mox
320 1183 505 1224 relinquunt
529 1186 610 1223 rete,
636 1186 749 1223 ratem,

212 1233 348 1266 Omnem
371 1232 484 1264 mundi
509 1231 675 1265 levitatem

212 1280 336 1314 Cuncta
360 1283 477 1321 putant
504 1279 679 1313 vanitatem

260 1329 399 1368 Propter
424 1328 515 1369 sequi
539 1327 722 1361 Dominum.

125 1398 184 1429 cia.
211 1397 309 1429 Petro
338 1396 429 1428 dedit
450 1396 503 1435 jus
528 1395 686 1436 solvendi,

210 1444 409 1477 Potestatem
437 1443 609 1485 vinciendi,

209 1492 412 1526 Libertatem
437 1492 648 1533 impendendi

259 1541 391 1574 Cunctis
412 1542 508 1582 juxta
530 1542 693 1583 meritum,

126 1611 184 1644 52..
210 1609 264 1642 Ad
293 1609 476 1649 exemplum
500 1609 672 1642 salvatoris

208 1657 317 1690 Ardet
339 1658 438 1698 intus,
465 1657 619 1698 splendet
643 1656 735 1698 foris,

209 1707 326 1739 Artem
351 1709 480 1738 mutans
505 1706 677 1746 piscatoris

258 1754 359 1787 Verbi
384 1754 482 1786 sumit
503 1754 651 1794 gratiam.

126 1824 182 1857 6a.
208 1822 295 1855 Dum
323 1824 508 1854 constanter
532 1821 740 1862 praedicaret

206 1871 253 1904 Et
277 1869 434 1904 informes
459 1869 651 1903 informaret

207 1919 478 1961 Languentesque
503 1922 667 1952 recrearet

255 1969 308 2003 Ab
334 1970 446 2010 Aegea
470 1968 607 2010 eapitur.

123 2038 179 2073 7a.
206 2037 258 2070 De
283 2046 347 2078 qua
371 2039 466 2078 rogat
490 2045 532 2069 ne
556 2037 691 2069 tollatur

204 2086 328 2128 Regem
353 2095 457 2122 suum.
485 2095 555 2118 cum
582 2094 644 2126 quo
662 2084 761 2127 fatur,

208 2135 309 2175 Quem
334 2135 368 2167 in
395 2134 492 2167 coelis
525 2134 763 2175 contemplatur

253 2183 299 2217 Et
325 2183 393 2224 ejus
420 2183 606 2217 exercitum.

825 757 882 792 lb.
908 759 1015 791 Vitam
1039 768 1136 791 manu
1161 758 1387 792 sustentabant

909 806 994 847 Opes
1019 807 1131 839 mundi
1154 817 1217 840 non
1245 807 1410 848 curabant,

906 855 971 888 Sed
995 855 1030 888 in
1054 856 1137 888 mari
1161 855 1355 888 laborabant

953 904 999 936 Et
1025 904 1174 936 colebant
1198 904 1291 938 retia.

824 971 883 1004 ab.
906 971 975 1004 Hos
1001 971 1145 1012 suscepit
1168 970 1203 1002 in
1228 972 1360 1004 odorem

909 1018 1059 1052 Caritatis
1084 1019 1118 1051 in
1144 1017 1305 1052 fervorem

905 1066 950 1100 Et
973 1076 1053 1108 prae
1078 1067 1201 1099 cunctis
1226 1068 1259 1099 in
1285 1076 1426 1101 amorem

957 1113 1105 1156 Quadam
1131 1115 1313 1150 eminentia.

824 1183 881 1216 310.
903 1187 935 1215 A
960 1183 1099 1216 terrenis
1124 1192 1160 1214 se
1185 1183 1397 1225 suspendunt,

905 1231 1042 1265 Crucem
1052 1230 1173 1263 Christi
1180 1231 1461 1271 comprehendunt

904 1279 948 1312 Et
967 1288 1037 1311 cum
1053 1278 1180 1312 Christo
1196 1280 1459 1313 condescendunt

951 1327 1006 1359 Ad
1030 1332 1197 1367 capturam
1223 1328 1398 1362 hominum.

821 1395 883 1430 4b.
905 1395 949 1428 Et
975 1396 1142 1428 Andream
1166 1396 1350 1428 introduxit

905 1444 943 1476 In
971 1444 1150 1484 scripturas
1176 1447 1209 1475 et
1232 1444 1397 1485 instruxit,

903 1492 968 1524 Per
985 1501 1079 1533 quem
1093 1492 1212 1525 mundo
1226 1496 1301 1533 post
1315 1490 1461 1525 diffluxit

950 1540 1078 1581 Dogma
1101 1540 1165 1573 sibi
1191 1541 1361 1574 creditum.

822 1608 880 1642 δῖ),
905 1608 960 1640 Ad
986 1608 1124 1650 gentiles
1151 1609 1355 1652 declamavit,

904 1656 1026 1697 Quibus
1051 1660 1164 1698 potum
1188 1658 1386 1698 propinavit,

903 1706 1003 1746 Quem
1031 1706 1071 1738 de
1096 1704 1162 1738 fide
1191 1706 1352 1738 derivavit

954 1754 1074 1786 Missus
1099 1754 1133 1786 in
1158 1754 1327 1788 Achaiam.

823 1821 881 1854 6b.
907 1821 986 1855 Cum
1013 1822 1053 1854 de
1078 1823 1144 1855 fide
1169 1825 1390 1864 quaereretur,

907 1870 1126 1903 Christianum
1151 1880 1189 1903 se
1214 1869 1345 1912 fatetur,

909 1919 987 1951 Vult
1011 1920 1149 1960 Aegeas,
1176 1922 1213 1952 ut
1241 1919 1421 1961 damnetur,

954 1967 999 2000 Et
1024 1969 1067 2001 ad
1094 1977 1221 2001 erucem
1246 1968 1386 2002 ducitur.

820 2036 883 2069 7b.
905 2036 964 2068 Vir
989 2035 1157 2077 perfectae
1182 2037 1325 2078 pietatis,

903 2085 1062 2118 Membris
1089 2085 1175 2127 ligno
1201 2087 1382 2126 propalatis

906 2134 1048 2166 Verbum
1076 2134 1169 2167 docet
1195 2135 1352 2176 veritatis,

953 2182 1066 2216 Donec
1090 2183 1203 2216 reddit
1227 2184 1387 2225 spiritum.

475 2253 507 2286 8.
536 2251 596 2292 Qui
622 2260 682 2292 pro
707 2251 801 2284 nobis
826 2251 1015 2292 interpellat

606 2300 742 2341 Semper
765 2300 853 2342 apud
877 2300 1060 2335 Dominum.

197 2390 317 2419 Prosar.
337 2399 393 2419 ms.
413 2389 643 2418 Mai-chianense
663 2396 740 2416 saec,
763 2385 807 2416 15.
830 2387 901 2417 Cod.
926 2388 1075 2417 Duaeens.
1099 2385 1163 2416 123.
1186 2405 1220 2410 -—
1243 2388 1296 2425 412,
1318 2387 1338 2418 4
1361 2391 1457 2428 predi—

119 2433 191 2459 tum.
213 2445 251 2449 —
272 2427 327 2465 51),
349 2427 367 2458 3
389 2429 448 2464 Qui
469 2428 514 2457 de.

1242 2475 1284 2507 9*
