1652 2678
190 424 249 458 2a.

193 581 252 613 3a.

191 735 248 766 421.

191 940 248 971 δα,

187 1093 248 1126 fia.

186 1490 242 1523 7a.

184 1647 241 1680 Sa,

184 1801 242 1834 9a.

159 1957 239 1991 lOa.

99 2246 105 2252 ⁴
154 2260 237 2295 112.

717 86 958 123 „99-

621 189 681 223 126.
723 192 766 223 De
787 190 886 223 beata
906 190 1006 223 Maria
1027 191 1062 222 V.

581 272 611 305 1.
638 271 725 308 Laus
750 272 821 313 tibi,
847 271 938 314 virgo
962 271 1079 311 Maria,

637 319 747 354 Mater
771 321 943 354 salvatoris

638 369 746 409 Atque
771 368 987 409 redemptoris

278 424 379 463 Coeli,
408 429 526 467 terrae,

278 472 394 515 Maris,
421 475 608 515 angelorum

274 520 321 554 Et
345 521 527 564 hominum;

280 580 374 613 Sicca
399 580 499 620 stirps
525 581 619 615 Jesse

278 627 368 660 Dans
393 627 506 661 florem

274 675 324 707 Te
347 680 492 708 sanctam
515 677 620 710 innuit

276 733 325 766 Te
351 732 513 767 Gedeonis

277 781 418 815 Veneris
443 782 560 815 donum

274 829 326 863 De
352 832 440 864 caelo

276 879 481 921 Impregnari
510 883 544 912 et
569 880 689 913 docuit.

277 937 332 970 Sic
357 938 447 979 virgo
470 938 625 979 parturis,

274 987 324 1020 Ut
345 985 381 1018 in
402 985 533 1019 flamma
555 986 665 1028 Moysi

273 1034 387 1067 Rubus
412 1038 501 1067 stans
526 1035 634 1067 viruit.

276 1092 426 1125 Vernaus
449 1095 488 1124 ut
509 1092 612 1125 lilium

277 1140 477 1174 Convallium

272 1188 441 1222 Laetando
467 1188 570 1222 filium

273 1237 347 1270 Non
372 1238 469 1270 alium

272 1285 419 1318 Mamilla

270 1333 415 1366 Rorante

270 1382 395 1414 Nectar
424 1382 564 1415 coeleste

270 1430 317 1463 Et
343 1432 504 1464 coelorum
530 1431 714 1466 Dominum.

270 1488 320 1521 Tu
346 1487 418 1521 fons
443 1489 588 1530 signatus

269 1538 325 1577 Es,
352 1537 415 1569 Dei
441 1540 555 1579 mater⁷

269 1586 423 1619 Immunis
449 1587 492 1619 ad
517 1585 638 1622 nubila.

268 1644 383 1678 Cordis
411 1644 549 1678 dulcedo

269 1692 357 1732 Quae
385 1694 444 1726 tibi
470 1695 579 1734 potest
604 1702 750 1727 crescere

266 1740 319 1774 De
343 1742 401 1774 tali
424 1742 632 1775 commercio!

267 1800 356 1833 Hinc
381 1800 532 1833 Salomon
558 1800 728 1834 clariorem

268 1849 316 1881 Te
341 1849 445 1881 stellis

266 1897 313 1930 Et,
337 1897 406 1931 sole
424 1898 605 1939 praedicat,

268 1956 318 1990 Tu
341 1956 443 1990 nubes

266 2006 391 2039 Manna
414 2006 530 2046 pluens

267 2053 431 2087 Christum
457 2054 658 2095 sequentium

263 2103 329 2136 Per
353 2102 506 2143 baptismi
532 2102 648 2136 fluctus

264 2152 320 2184 Ad
346 2151 488 2184 cohortis

262 2200 442 2242 Angelioae
466 2200 629 2241 gaudium.

263 2259 449 2293 Ezechielis

261 2309 363 2343 Porta
384 2308 507 2350 jugiter
531 2311 659 2341 serrata

263 2358 314 2393 Tu
338 2360 444 2392 mater
468 2366 503 2390 es
531 2357 720 2392 castissima.

892 427 950 460 210.

893 581 952 615 312.

890 737 939 770 41>

891 939 949 974 5b.

889 1093 948 1127 ob.

886 1489 946 1523 7b.

884 1645 944 1681 8b.

882 1801 930 1834 9b

858 1957 942 1992 10b.

856 2259 940 2294 1112.

975 427 1050 459 Tibi
1081 425 1168 459 ferre

974 475 1104 509 Laudes
1131 476 1244 516 dignas
1271 475 1350 508 doce

975 523 1044 557 Nos
1070 525 1254 557 carminum.

976 581 1119 623 Virginis
1149 590 1219 614 esse

974 629 1134 664 Decorem

976 679 1064 719 Quae
1090 677 1253 711 Christum
1277 679 1398 719 genuit.

975 735 1040 768 Dat
1067 736 1246 769 Salomonis

973 784 1022 816 Te
1048 784 1194 818 Christus
1220 785 1380 822 thronum,

973 832 1059 865 Dum
1084 833 1156 865 velo

974 882 1064 914 Tuae
1091 882 1197 914 earnis·
1222 890 1258 913 se
1281 881 1400 914 induit.

973 938 1043 972 Tua
1069 948 1132 972 vox
1162 940 1309 979 turturis,

973 987 1063 1027 Quae
1085 987 1121 1019 in
1145 995 1224 1020 aure
1246 987 1379 1020 Domini

971 1035 1084 1068 Dulcis
1110 1035 1263 1069 insonuit.

969 1093 1090 1126 Verum
1117 1093 1285 1126 eonsilium

970 1141 1170 1183 Magnalium

972 1190 1029 1223 Fit
1053 1191 1087 1222 in
1112 1189 1268 1222 auxilium

965 1237 1164 1276 Mortaiium,

968 1285 1084 1319 Sibilla

969 1334 1124 1367 Testante

971 1382 1084 1416 Carnis
1110 1383 1144 1415 in
1172 1385 1261 1415 veste

968 1431 1066 1464 Venit
1086 1431 1190 1471 judex
1214 1430 1388 1464 hominum.

969 1489 1030 1528 Qui
1061 1491 1102 1522 <Ie
1123 1492 1156 1521 te
1181 1491 1276 1522 natus

967 1537 1030 1571 Est
1054 1537 1115 1571 tibi
1140 1539 1245 1579 pater,

968 1586 1018 1619 Tu
1042 1587 1133 1627 virgo
1159 1585 1238 1619 filia.

968 1645 1162 1678 constanter
1186 1644 1294 1685 credo,

962 1694 1053 1734 Quod
1061 1696 1190 1726 sanctos
1198 1701 1307 1725 omnes
1313 1692 1498 1732 praemines

967 1742 1048 1776 Tam
1074 1745 1185 1775 sancto
1211 1741 1378 1783 mysterio.

964 1799 1050 1834 Dum
1074 1804 1110 1832 tu
1136 1799 1232 1832 stella
1254 1799 1344 1840 paris
1371 1799 1481 1837 solem.u

966 1848 1052 1882 Dum
1076 1849 1153 1881 solis

965 1898 1014 1932 Te
1037 1896 1193 1938 splendor
1219 1897 1361 1931 amictat.

963 1956 1013 1990 Tu
1036 1964 1133 1997 rupes

962 2005 1064 2039 Melle
1087 2002 1190 2037 fluens

962 2054 1086 2088 Terrae
1110 2053 1298 2094 viventium,

966 2103 1095 2135 Ventris
1121 2102 1169 2134 tui
1194 2099 1320 2135 fructus

962 2152 1049 2191 Dum
1074 2150 1111 2184 fit
1134 2150 1249 2183 mortis

963 2200 1095 2234 Medela
1123 2199 1334 2234 credentium.

964 2259 1036 2292 Vox
1063 2257 1227 2293 Gabrielis

966 2308 1103 2341 Portans
1130 2307 1252 2340 coelica
1275 2308 1428 2345 mandata

965 2355 1142 2392 Confirmat
1166 2357 1249 2390 haee
1271 2357 1451 2392 verissima.

1274 2413 1317 2444 7*
