1652 2678
678 122 941 159 —218—

169 223 227 258 9a.
253 222 320 256 Ubi
344 232 410 263 pax
436 225 486 256 est
508 224 676 264 perpetua,
866 221 925 255 9b.
948 220 1015 254 Ubi
1041 219 1109 252 vita
1132 217 1198 251 fine
1223 227 1347 260 carens,

302 271 396 304 Salus
422 274 455 304 et
480 271 671 310 concordia3
996 268 1064 301 vita.
1087 268 1186 308 plena
1209 266 1323 308 gloria.

145 328 227 362 lOa.
255 330 448 371 Katharina‚
476 338 595 370 sponsa
620 327 751 370 Christi,
842 327 924 361 10b.
946 326 1016 359 Fac
1037 335 1096 359 nos
1122 325 1247 358 hostem
1272 332 1439 365 superare,

251 378 339 418 Quae
363 382 537 418 tyrannum
563 375 714 409 devicisti
949 374 1047 415 Sequi
1068 373 1232 407 Christum
1258 375 1291 405 et
1315 381 1423 405 ama-re

298 426 395 460 Fidei
421 424 613 464 constantia,
995 422 1104 463 Ipsius
1129 422 1276 463 vestigia.

143 483 224 518 lla.
249 484 388 517 Nostras
413 491 527 524 prece-s
553 482 708 515 exaudire
840 481 923 514 111).
946 481 994 514 Ut
1017 484 1051 512 te
1076 480 1173 520 digne
1198 479 1384 511 collaudare

301 532 452 573 dignetur
480 530 682 571 omnipotens
995 529 1159 561 valeamus
1181 527 1303 568 jugiter

345 581 418 621 pius
443 582 547 620 pater,
1042 577 1100 617 pia
1122 578 1237 610 mater.

219 655 304 682 Miss.
332 663 386 682 ms.
406 655 563 682 Aeducnse
584 662 660 682 saec.
684 651 728 681 15.
751 653 821 681 Cod.
840 652 981 681 Tolosan.
1005 650 1069 681 100.
1089 653 1125 680 A.
1146 666 1180 671 ——
1206 652 1290 679 Miss.
1311 660 1365 679 ms.
1389 651 1481 679 Cardae

144 692 239 720 Rolin
258 701 334 721 saec.
358 691 403 722 15.
426 693 496 721 Cod.
517 692 628 721 Semin.
649 692 797 720 Aeduens.
821 689 875 719 110
895 692 929 720 Β.
944 709 982 712 -
995 692 1081 719 Miss.
1101 699 1156 719 ms.
1179 689 1264 718 Card.
1285 690 1377 718 Rolin
1397 698 1476 718 saec.

144 728 189 758 15.
214 731 286 759 Cod-
308 731 419 759 Semin.
440 731 587 759 Aeduens.
618 740 641 758 s.
670 732 746 767 sign.
769 730 800 758 C.
821 745 860 750 —
880 730 965 758 Miss.
986 739 1040 758 ms.
1061 729 1219 758 Aeduense
1238 737 1315 757 saec.
1338 727 1383 757 14.
1406 726 1476 757 Cod.

142 768 254 797 Semin.
268 770 415 798 Aeduens.
435 768 499 798 121.
513 770 551 798 D.
565 784 604 789 —
619 770 704 797 Miss.
719 778 774 797 ms.
790 768 945 798 Aeduense
959 777 1035 797 saec.
1052 767 1097 796 15.
1114 766 1184 797 Cod.
1199 767 1311 796 Semin.
1328 767 1479 795 Aeduens.

145 805 209 835 114.
229 808 269 836 E.
288 823 325 827 —
349 808 437 836 Grad.
457 817 512 836 ms.
533 808 690 836 Aeduense
709 816 786 835 saec.
810 805 854 835 15.
872 807 943 836 eod.
959 807 1070 836 Semin.
1084 807 1233 835 Aeduens.
1255 815 1278 834 s.
1299 807 1376 842 sign.
1389 806 1423 834 F.
1437 822 1478 826 ——

143 844 277 882 Sequent
295 855 349 874 ms.
370 847 527 875 Aeduense
548 855 624 875 saec.
647 844 692 874 15.
716 846 788 874 Cod.
809 845 921 874 Semin.
942 847 1093 874 Aeduens.
1117 843 1180 874 131.
1202 845 1237 874 G.
1257 861 1296 865 -
1314 845 1399 872 Miss.
1421 853 1481 872 ms*

143 883 271 913 Oliverii
292 886 383 921 episc.
405 884 594 913 Cabilonens.
616 886 688 913 anni
709 882 794 912 1400.
819 884 882 912 Cod
907 884 1017 913 Semin.
1037 884 1185 912 Aeduens.
1207 881 1272 911 118.
1286 884 1327 912 H.
1341 884 1476 911 —Miss.

142 932 180 950 m:
219 923 376 951 Aeduense
396 932 473 951 saec.
496 921 541 951 12.
564 923 634 951 Cod.
655 923 767 951 Semin.
787 922 936 951 Aeduens.
959 921 1013 950 125
1036 923 1102 950 add.
1124 930 1200 950 saec.
1224 920 1268 949 14.
1288 922 1313 949 I.
1333 937 1373 942 —
1391 922 1479 949 Miss.

142 969 195 988 ms.
215 962 372 990 Aeduense
399 963 471 989 anni
500 960 584 990 1476.
606 961 678 990 Cod.
699 961 812 990 Semin.
832 960 980 990 Aeduens.
1010 958 1065 988 118
1093 961 1148 989 bis.
1169 961 1206 988 K.
1227 977 1265 980 —
1284 960 1371 988 Mel.:
1403 959 1479 987 Con-

141 1001 304 1036 gaudentes
326 1000 506 1028 exsultemus
526 1001 560 1028 F.

564 1121 631 1153 292.
665 1121 708 1153 De
728 1121 841 1152 sancta
862 1120 1053 1152 Katharina.

146 1203 204 1236 la.
230 1203 305 1236 Lux
328 1202 499 1244 praeclara,
523 1202 726 1235 Katharinae
844 1200 903 1234 lb.
927 1201 1031 1235 Glaris
1058 1209 1133 1241 ergo
1160 1209 1274 1232 vocum
1300 1199 1386 1232 sonis

228 1251 395 1285 Castitatis
422 1253 455 1282 et
478 1250 645 1283 doctrinae
924 1249 1006 1289 Ejus
1031 1257 1144 1281 sacrae
1168 1249 1328 1289 passionis

278 1299 381 1331 Nobis
406 1297 487 1330 facit
511 1298 689 1339 speculum,
973 1296 1155 1329 Efferamus
1181 1297 1321 1329 titulum.

143 1358 202 1390 22„
229 1357 328 1397 Regis
355 1358 435 1388 nata
460 1356 649 1396 disciplinas
843 1354 902 1387 2b.
926 1356 1025 1395 Quam
1045 1355 1100 1395 qui
1117 1357 1258 1395 temptat
1273 1355 1484 1395 insermone,

229 1404 418 1437 Saeculares
446 1406 478 1436 et
505 1404 631 1437 divinas
924 1403 1010 1436 Viva
1034 1403 1143 1435 statim
1169 1403 1295 1435 ratione

276 1453 331 1485 Ad
354 1451 535 1493 perfectum
563 1452 687 1493 didicit,
975 1452 1153 1492 Superatus
1184 1450 1304 1484 deficit.

145 1511 201 1543 3a.
227 1510 327 1552 Virgo
352 1510 497 1550 prudens
522 1512 554 1541 et
579 1518 694 1543 secura
844 1508 904 1543 3b.
926 1509 1038 1542 Mutos
1063 1509 1176 1542 reddit
1200 1512 1357 1551 oratores,

228 1559 350 1599 Regem
376 1567 507 1591 saevum
535 1558 575 1590 de
601 1559 726 1590 cultura
928 1557 1041 1590 Cultus
1067 1557 1142 1590 vani
1172 1556 1370 1599 defensores,

278 1606 422 1639 Deorum
451 1607 607 1647 coarguit,
974 1605 1021 1638 Et
1045 1606 1088 1639 ad
1112 1605 1212 1639 fidem
1235 1606 1362 1639 imbuit.

144 1666 202 1699 4a.
228 1665 301 1697 Rex
325 1664 488 1705 promittit
513 1667 546 1696 et
568 1664 720 1707 minatur,
840 1662 903 1698 4b.
924 1665 1167 1704 Aspernantem
1192 1664 1235 1697 ad
1259 1667 1421 1697 tormenta

228 1712 294 1746 Sed
322 1715 507 1745 constanter
532 1715 726 1753 aspernatur
926 1712 1027 1746 Jubet
1051 1713 1140 1745 trahi
1165 1721 1228 1746 vox
1255 1716 1389 1745 cruenta

276 1761 459 1802 Utrumque
482 1770 573 1793 mens
599 1761 746 1804 stabilis3
973 1761 1072 1802 Regis
1098 1761 1320 1796 exsecrabilis.

145 1821 203 1852 5a.
231 1819 446 1860 Implicantur
470 1819 616 1851 membra
639 1819 731 1860 rotis,
843 1817 901 1851 5b.
925 1818 991 1852 Sed
1015 1819 1050 1851 in
1075 1819 1205 1852 turbam
1223 1820 1484 1853 circumstantem

226 1868 282 1900 Ad
302 1868 519 1908 torquendum
544 1868 658 1909 quibus
685 1867 782 1900 motis
925 1867 972 1900 Et
996 1868 1047 1900 his
1073 1869 1186 1909 poenis
1211 1869 1422 1902 insultantem

277 1916 376 1957 Virgo
401 1916 484 1949 nihil
507 1916 660 1957 laeditur,
973 1916 1033 1948 Vis
1058 1925 1236 1957 poenarum
1261 1918 1411 1952 vertitur.

144 1975 200 2007 6a.
229 1974 284 2008 Sic
309 1977 456 2007 certante
480 1974 665 2007 Katharina
843 1972 902 2005 6b.
926 1974 1011 2013 Quos
1039 1975 1174 2007 deorum
1199 1984 1301 2008 vanus
1328 1977 1434 2010 cultor

229 2023 468 2056 Convertuntur
494 2031 566 2055 cum
590 2022 703 2063 regina
926 2022 1106 2063 Tamquam
1130 2024 1208 2057 vani
1234 2025 1339 2057 cultus
1365 2026 1453 2059 ultor

277 2070 352 2103 Dux
378 2073 411 2103 et
436 2071 550 2103 cohors
574 2070 723 2110 militum,
974 2070 1075 2102 Punit
1102 2080 1208 2111 poena
1234 2074 1388 2114 capitum.

147 2128 165 2160 7
178 2136 206 2163 a.
233 2128 480 2169 Triumphatrix
504 2131 554 2160 tot
578 2128 612 2159 in
637 2127 743 2169 beUiS,
843 2125 901 2160 ¹7b.
925 2127 1024 2160 Jussu
1048 2129 1179 2162 tandem
1207 2139 1248 2163 ex
1272 2133 1376 2173 regali

228 2176 324 2209 Licet
348 2186 428 2209 sexu
453 2177 497 2208 sit
520 2175 672 2216 imbelliS‚
925 2176 1006 2209 Post
1030 2186 1150 2219 agones
1175 2180 1309 2221 capitali

276 2224 376 2266 Virgo
401 2224 489 2257 vinci
511 2224 631 2263 nescia,
975 2225 1159 2260 Damnatur
1184 2230 1358 2263 sententia.

145 2282 203 2315 Sa.
228 2282 309 2314 Mox
335 2282 474 2315 distillat
496 2282 579 2314 miro
603 2289 694 2313 more
843 2280 903 2314 8b.
925 2282 971 2315 Et
996 2285 1165 2326 consignat
1188 2288 1291 2320 monti
1318 2288 1407 2322 Sina.

228 2329 298 2362 Lac
323 2329 456 2362 effusum
479 2339 542 2371 pro
569 2337 693 2369 cruore,
928 2331 979 2364 De
1004 2342 1066 2374 quo
1092 2338 1204 2367 manat
1227 2336 1262 2368 vi
1288 2325 1406 2370 divinas

229 2377 353 2418 Corpus
378 2381 485 2410 autem
512 2387 583 2410 cum
608 2378 731 2410 honore
924 2380 989 2413 Pro
1014 2382 1202 2415 morborum
1226 2385 1390 2419 medicina

278 2425 402 2458 Chorus
425 2427 514 2459 levat
539 2426 677 2458 coelicus
972 2429 1097 2471 Liquor
1121 2431 1228 2472 aegris
1252 2433 1409 2467 medicus.
