1652 2678
629 451 692 483 152.
732 452 777 485 De
798 453 939 485 omnibus
960 454 1087 485 sanctis.

656 523 687 557 1.
716 524 836 557 Sancta
861 524 924 557 Dei
945 528 1060 566 mater,

716 569 805 612 virgo
831 572 981 614 benigna,
1009 572 1126 613 Maria,

212 628 270 661 23.
298 629 349 661 Tu
373 636 431 661 nos
457 628 593 660 miseros
620 628 740 668 adjuva
912 629 971 663 2b.
993 630 1082 669 Quae
1105 639 1163 662 nos
1186 632 1243 662 tua
1265 638 1325 670 per
1348 630 1465 663 merita

296 678 394 716 atque
421 675 543 708 Christi
568 675 707 715 gratiam
998 678 1142 711 devitare
1168 676 1269 710 faeiat

294 723 389 756 nobis
412 723 563 764 impetra,
995 728 1111 758 cuncta
1133 726 1241 761 noxia.

212 782 268 816 3a.
296 782 398 814 Beate
423 780 578 821 Michael,
911 782 971 816 3b.
994 783 1040 815 Et
1060 783 1167 816 cuncti
1194 783 1333 816 caelibes

293 833 331 861 tu
351 837 412 870 pro
437 829 532 861 nohis
556 829 760 869 majestatem
995 831 1091 864 simui
1118 831 1213 872 cives,
1242 833 1463 865 commendate

294 877 427 918 superni
453 878 540 918 regis
564 876 691 918 invoca,
993 889 1052 912 nos
1077 878 1147 911 Deo
1178 888 1277 920 prece
1301 881 1425 913 sedula.

209 936 267 969 4a.
296 936 321 969 O
347 934 524 974 Johannes,
910 935 970 968 41³.
991 936 1037 968 Et
1061 940 1107 976 tu,
1134 941 1246 969 sancte

294 983 417 1016 Christi
440 982 598 1023 baptista,
995 984 1105 1024 Patre,
1133 985 1268 1025 dignare

295 1041 356 1072 pro
382 1030 477 1064 nobis
507 1030 650 1071 indignis
995 1034 1111 1065 cuneta
1145 1032 1348 1072 disrumpere

290 1080 414 1120 jugiter
439 1088 507 1119 ora,
992 1083 1105 1113 nostra
1129 1081 1268 1115 vincula.

210 1139 266 1172 53.
295 1137 412 1170 Omnes
437 1135 570 1169 Domini
908 1136 968 1170 51).
993 1137 1074 1177 Quia
1097 1137 1191 1170 vobis
1218 1141 1267 1171 est

292 1184 443 1227 apostoli,
992 1195 1012 1217 a
1035 1186 1174 1218 Domino

291 1233 408 1266 solvite
435 1233 556 1265 delicta
580 1235 702 1273 nostra,
989 1235 1135 1273 potestas
1161 1234 1203 1266 ad
1228 1234 1291 1266 hoe
1317 1243 1479 1267 concessa.

207 1293 263 1326 6a.
291 1290 397 1331 Nune,
425 1290 530 1321 saneti
555 1292 727 1331 martyres,
906 1290 964 1323 6b.
988 1291 1054 1324 Pro
1082 1290 1203 1323 Christi
1227 1292 1356 1324 nomine

292 1338 347 1379 qui
371 1341 483 1371 vestra
988 1339 1130 1371 libenter

288 1385 473 1419 tradidistis
500 1394 637 1426 corpora
989 1387 1032 1419 ad
1056 1387 1159 1419 multa
1183 1388 1355 1429 supplicia,

205 1446 261 1478 73.
289 1444 354 1477 Vos
379 1452 515 1484 quoque⁷
544 1441 745 1476 confessores
905 1444 964 1477 7b.
988 1445 1172 1477 Precamini
1197 1454 1257 1486 pro
1282 1446 1387 1487 nobis,

290 1491 413 1525 Christi
438 1495 470 1523 et
496 1491 683 1524 sacerdotes
986 1502 1028 1525 ne
1053 1501 1111 1525 nos
1138 1494 1276 1526 extollat
1300 1494 1404 1527 hostis

286 1540 513 1582 virginumque
538 1542 724 1573 sanctarum
986 1549 1092 1582 neque
1116 1551 1201 1574 vana
1225 1542 1330 1583 gloria

286 1591 394 1621 turma
417 1589 600 1628 praeclara,
985 1599 1045 1622 nee
1064 1591 1136 1622 laus
1162 1590 1312 1623 humana.

203 1648 260 1681 83,
289 1646 407 1679 Omnes
437 1647 542 1678 sancti
564 1645 640 1687 Dei,
903 1646 962 1680 8b.
985 1647 1111 1689 Rogate
1135 1647 1320 1689 Dominum,

286 1695 387 1728 verba
411 1703 471 1734 pro
495 1694 590 1727 nobis
613 1693 698 1727 ferte
722 1694 788 1736 pia,
986 1699 1024 1728 ut
1048 1698 1161 1728 nostra
1188 1697 1297 1729 deleat
1323 1697 1457 1730 crimina

204 1755 262 1788 93.
288 1752 334 1785 Et
358 1760 417 1785 nos
444 1753 584 1785 evadere
903 1752 962 1786 9b.
984 1753 1053 1786 Nos
1079 1759 1176 1794 atque
1200 1764 1261 1795 per
1286 1764 1377 1787 suam

288 1799 389 1833 faeiat
412 1800 537 1832 inimici
987 1802 1125 1834 collocet
1146 1803 1302 1843 pietatem

287 1848 443 1882 scandala
987 1851 1099 1890 requie

287 1900 320 1929 et
342 1896 464 1930 inferni
491 1897 634 1930 claustra
985 1898 1102 1931 saltem
1126 1898 1161 1930 in
1187 1899 1305 1940 aliqua.

179 1957 260 1990 103.
289 1955 336 1988 Ut
359 1955 462 1988 libeat
486 1964 545 1987 nos
573 1954 701 1988 dicere:
879 1955 961 1989 101).
985 1956 1106 1989 Sancta
1131 1956 1191 1988 tibi
1220 1958 1273 1998 sit,
1299 1958 1440 1999 trinitas,

285 2004 400 2046 honor,
425 2003 499 2036 laus
525 2007 557 2036 et
581 2003 687 2044 gloria
986 2013 1047 2045 per
1072 2007 1206 2038 aeterna
1228 2007 1369 2039 saecula.

650 2062 707 2095 11.
734 2062 840 2095 Amen
866 2062 978 2094 dicant

730 2110 826 2144 simul
853 2112 978 2143 cuneta.

251 2177 338 2205 Miss.
367 2185 424 2205 ms.
452 2177 483 2205 S.
509 2177 657 2215 Stephani
681 2179 799 2207 Bisunt.
830 2186 909 2206 saec.
937 2175 982 2205 11.
1010 2187 1056 2206 ex.
1080 2177 1152 2206 Cod.
1173 2179 1325 2207 Bisuntin.
1352 2179 1400 2209 71.
1421 2181 1456 2208 A.
1481 2196 1513 2200 —

174 2219 260 2246 Miss.
285 2225 341 2244 ms.
371 2216 633 2253 Stubenbergense
660 2225 737 2245 saec.
769 2213 814 2244 13.
843 2216 914 2245 Cod
944 2216 1102 2245 Graeeens.
1132 2215 1328 2247 28113-
1347 2220 1433 2249 Miss.
1461 2229 1516 2249 ms.

173 2257 354 2286 Secoviense
382 2263 459 2283 saec.
490 2253 534 2283 14.
564 2255 635 2283 Cod.
664 2256 823 2284 Graecens.
850 2253 917 2284 456.
941 2255 965 2282 C
985 2271 1022 2275 —
1043 2254 1098 2288 23,
1126 2254 1144 2283 2
1167 2256 1278 2286 Christi
1304 2258 1380 2287 fehlt
1398 2257 1455 2288 BC
1477 2275 1515 2280 —

171 2294 226 2331 21),
250 2293 265 2322 1
286 2303 340 2331 pro
362 2295 472 2323 merita
490 2293 550 2322 BC.
571 2310 610 2314 —-
629 2292 685 2329 41),
710 2293 728 2324 3
748 2296 853 2322 nostra
872 2295 1058 2331 disrumpere
1071 2294 1129 2323 BC.
1154 2311 1191 2315 —
1207 2295 1261 2332 4b,
1282 2294 1302 2325 4
1324 2301 1432 2327 cuneta
1449 2300 1515 2327 vin-

172 2336 241 2364 cula
259 2333 320 2362 BC.
341 2350 380 2354 —
402 2330 461 2367 53,
486 2330 504 2362 3
525 2335 628 2362 nostra
649 2333 760 2362 delicta
778 2334 840 2362 BC.
865 2350 903 2354 —
925 2331 975 2369 93,
986 2304 1015 2362 Ρ1
1036 2334 1080 2363 Ut
1098 2343 1154 2362 nos
1174 2335 1233 2363 BC.
1253 2351 1294 2356 —
1314 2334 1364 2373 9a,
1385 2335 1403 2365 2
1423 2337 1516 2367 faeiat

170 2373 275 2405 mundi
295 2372 355 2402 BC.
377 2387 414 2392 —-
444 2354 503 2407 9’a,
529 2371 550 2401 4
570 2381 628 2409 que
647 2373 756 2402 inferni
775 2373 903 2401 130.—-
933 2370 995 2408 9b,
1021 2370 1040 2402 3
1061 2381 1104 2410 sq.
1126 2376 1260 2411 lequiem
1281 2375 1387 2405 saltem
1407 2379 1440 2406 in
1461 2378 1515 2406 311-

170 2422 261 2451 quam
281 2413 317 2441 A.
339 2429 378 2434 —
403 2409 447 2448 11,
469 2410 487 2439 2
509 2412 610 2440 cuncti
628 2411 689 2441 BC.
