1652 2678
645 97 689 103 -
740 78 884 113 56.-

551 182 597 214 67.
638 182 739 213 Prusa
757 179 974 213 Dominicalis.

565 263 596 295 1.
624 263 787 295 Frater-na
812 261 978 301 gratanter

624 318 710 342 nunc
735 311 831 341 canat
854 306 943 340 tuba.

99 361 158 392 221.
185 358 314 392 Laudes
339 363 466 400 promat
799 355 858 389 ab.
883 353 1001 387 Grates
1026 358 1158 395 pangat,

183 406 385 447 Dominoque
405 407 524 447 jubilet
881 402 1029 435 modulos
1055 402 1279 436 accommodet

182 463 262 486 voce
286 455 462 494 praecelsa.
880 453 989 483 mente
1016 451 1144 483 devota.

98 515 157 547 3a.
186 511 251 544 Cor
273 520 371 544 unum
397 515 494 552 atque
519 510 627 543 anima
796 508 854 543 3b.
877 510 929 541 Ae
953 508 1039 540 sicu-t
1065 508 1181 541 chorus
1208 508 1348 541 concinit

179 560 275 592 unica
877 556 1003 596 unicus,

182 615 311 647 semper
339 607 497 648 gubernet
877 604 926 637 ita
949 605 1072 638 collata

180 653 293 687 fovens
319 655 455 686 caritate
479 664 539 688 nos
563 654 700 696 integra,
877 651 944 686 fide
969 653 1012 685 sit
1039 653 1139 686 corde
1163 653 1252 688 salus
1279 653 1416 694 credita,

181 711 264 744 paee
288 703 438 744 benigna.
878 710 934 734 ore
960 701 1118 735 confessa.

95 764 156 794 4a.
182 760 270 801 Ergo
297 760 477 801 gaudenter
793 759 852 793 4b.
875 758 1057 792 Laudando
1084 760 1251 794 Christum

179 807 318 842 Domino
348 809 495 842 concinat
878 807 1040 847 exprimat
1063 808 1144 840 talia

182 857 293 889 concio
317 860 438 900 nostra,
876 855 1046 888 modulans
1077 856 1141 888 ita:

92 917 154 949 53.
182 914 230 948 Te
256 915 350 947 decet,
374 915 477 947 honor
793 914 857 948 5b.
878 913 926 946 Te
954 914 1068 946 laudat
1093 923 1194 947 ovans

179 971 218 996 ac
242 965 386 1003 potestas
413 962 509 1007 celsa,
879 962 1014 1003 coelum,
1041 971 1140 1003 mare,
1167 965 1267 1003 terra,

178 1010 225 1044 Te
250 1009 418 1052 fortitudo,
876 1009 924 1043 Te
956 1010 1057 1042 eorda
1081 1013 1193 1043 nostra

177 1059 280 1092 virtus
308 1059 401 1091 decet
425 1063 523 1098 clara.
876 1058 1003 1091 ratione
1028 1057 1116 1092 freta

176 1107 286 1149 ‘glolia
308 1107 487 1148 magnifica.
873 1107 965 1147 J'ussa
990 1115 1050 1147 per
1075 1107 1232 1149 angelica.

95 1167 154 1200 63.
180 1165 336 1198 Assumas
718 1189 721 1195 .
793 1164 851 1199 6b.
876 1164 1059 1206 Conjungas

177 1214 258 1246 haec
279 1214 386 1254 modo,
415 1222 616 1255 quaesumUS,
875 1213 957 1245 haee
980 1216 1057 1245 vota
1081 1215 1209 1253 supeiis

178 1269 260 1302 quae
285 1262 462 1297 reddimus,
489 1264 574 1294 vota.
875 1263 909 1293 te
933 1261 1129 1295 resonantia.

94 1321 153 1353 73.
178 1318 367 1352 Αᾱῃεοῒρη,
794 1320 812 1352 7
821 1318 852 1351 b.
879 1316 1007 1352 Affectu

180 1376 250 1399 cum
276 1377 410 1408 quorum
436 1368 568 1401 vocibus
876 1367 979 1399 socies
1004 1367 1124 1407 gaudia

178 1424 299 1456 organa
323 1420 443 1460 nostra,
876 1418 910 1447 te
933 1415 1111 1448 laudantia.

90 1475 149 1507 83.
176 1472 223 1506 Ut
247 1473 316 1505 vita
341 1474 384 1505 sit
408 1474 489 1506 haee
515 1482 658 1516 concors,
792 1473 852 1507 8b.
874 1472 1050 1506 Tradendo
1076 1474 1169 1506 nobis
1195 1478 1272 1515 post
1296 1474 1378 1507 haec

178 1529 276 1561 opera
873 1530 1008 1554 munera

173 1577 253 1610 rege
277 1572 396 1614 nostra,
875 1570 1032 1611 perennia

515 1629 546 1663 9.
574 1628 613 1661 In
639 1628 841 1660 saeculorum
867 1628 1005 1661 saecula.

169 1704 258 1733 Grad.
280 1713 334 1732 ms.
356 1704 386 1733 S.
406 1705 585 1734 Theoderici
613 1713 690 1734 saec.
714 1703 759 1733 12.
783 1704 854 1733 Cod.
876 1704 1013 1733 Remens.
1037 1703 1101 1733 169.
1122 1705 1158 1733 A.
1179 1721 1217 1725 —
1237 1704 1357 1734 Prosar.
1377 1715 1433 1735 ms.

92 1744 122 1771 S.
148 1743 325 1772 Theoderici
355 1752 433 1772 saec.
463 1742 507 1772 15.
537 1744 609 1772 Cod.
633 1744 771 1773 Remens.
803 1742 866 1772 179.
895 1744 928 1771 B.
955 1759 991 1762 —
1019 1744 1106 1772 Mel.:
1138 1744 1245 1773 Just-us
1272 1747 1308 1772 ut
1334 1745 1436 1781 palma

93 1783 196 1818 major.
216 1797 255 1802 —
276 1781 328 1815 Ἦ),
360 1780 370 1789 ”
390 1783 441 1818 pia
461 1785 492 1811 te
512 1783 601 1811 simul
623 1783 779 1812 laudantia
799 1783 860 1811 AB.

551 1925 597 1957 68.
638 1925 739 1958 Prosa
758 1924 974 1958 Dominicalis.

94 2008 152 2040 la.
179 2005 354 2039 Sedentem
375 2007 407 2038 in
434 2015 594 2047 supernae
793 2006 853 2041 1b.
875 2006 1028 2039 Adorant
1050 2006 1235 2039 humillime

177 2054 356 2094 majestatis
383 2064 458 2087 arce
875 2054 1115 2095 proclamantes
1141 2055 1185 2088 ad
1210 2059 1244 2088 te

94 2114 152 2146 23.
182 2111 261 2145 Cum
285 2112 352 2144 illis
791 2111 851 2145 2b.
879 2110 1028 2155 Sanctus,
1056 2115 1199 2153 sanctus,

226 2161 424 2202 undeviginti
453 2161 610 2202 quinque:
924 2163 1066 2203 sanetuS‚
1094 2160 1239 2195 Sabaoth
1264 2171 1335 2205 reX‚

94 2220 152 2252 3a.
179 2218 282 2252 Plena
307 2222 383 2250 sunt
791 2217 850 2252 3b.
874 2219 984 2258 Atque
1010 2227 1080 2250 cum

176 2266 284 2299 omnia
308 2267 412 2307 gloria
437 2270 502 2307 tua,
875 2267 1140 2301 innocentissimo
1170 2277 1278 2311 grege,

91 2326 150 2357 43.
179 2323 239 2362 Qui
264 2324 334 2356 sine
791 2324 849 2357 4b.
874 2323 1029 2357 Dicentes

177 2371 245 2404 ulla
271 2375 344 2404 sunt
370 2372 454 2410 labe,
877 2373 1007 2406 excelsa
1031 2382 1129 2406 voce:
