1652 2678
672 80 935 116 -272—

140 181 198 213 aa.
225 179 349 212 Victori
374 178 506 213 Nicasio
836 178 897 212 211.
920 177 1034 210 Victor
1060 175 1165 208 dictus
1190 172 1320 206 nomine

226 227 316 262 Coeli
339 230 432 269 patet
455 227 544 270 regio
918 226 1068 258 Palmam
1093 222 1201 255 ferens
1226 220 1383 261 sanguine

271 276 411 309 Peracta
434 276 582 310 victoria.
967 274 1056 307 Data
1082 270 1203 305 Christi
1227 268 1344 311 gratia.

140 339 201 372 3a.
227 338 427 371 Devastatur
450 338 541 379 regio
836 337 896 371 3⁷0.
920 336 1078 376 Optantes
1102 333 1269 372 auxilium,

222 387 333 419 Armis
360 390 391 419 et
416 385 566 418 incendio
920 384 1117 424 Quaerentes
1143 379 1304 422 refugium
1363 428 1369 433 .

270 434 333 467 Dei
358 435 526 476 patientia.
968 431 1078 465 Remis
1102 432 1241 471 poscunt
1265 436 1404 461 moema.

140 498 199 530 4a.
228 497 376 531 Occurrit
402 495 584 528 furentibus
836 495 898 528 4b.
920 492 1078 526 Hostibus
1104 492 1261 532 objiciens

225 543 378 578 Pontifex
402 543 553 576 Nicasius
920 541 962 574 Se
986 541 1123 573 mactari
1147 541 1280 581 cupiens

271 592 438 634 Manuque
462 590 599 633 pacifica
969 589 1129 622 Salutaris
1154 589 1272 628 hostia,

271 641 394 673 Indicit
417 640 555 673 silentia.
969 639 1038 679 Qua
1063 638 1208 670 salvatur
1232 636 1349 678 patria.

142 703 200 735 5a.
229 702 346 735 Caedit
367 703 475 743 lictor,
837 702 899 736 510.
920 701 979 733 Ait
1003 709 1115 733 soror:

227 750 322 784 Ganit
346 751 460 791 victor,
920 750 1005 790 Quid
1030 757 1176 781 remoror

274 798 374 837 Quem
396 798 528 838 incepit,
970 797 1147 830 vindicare

276 845 319 878 Os
346 846 529 886 complevit.
970 845 1017 878 Et
1040 845 1173 885 plorare

321 894 486 927 Psalmum
512 902 583 925 cum
609 893 760 926 melodia.
1019 892 1126 924 Tanta
1152 900 1212 931 pro
1238 890 1384 923 victoria.

140 958 200 991 Ga.
227 956 392 997 Jugulasti
416 955 629 999 sacerdotem,
838 955 898 988 sb.
918 954 1005 986 Nam
1030 955 1165 986 castitas
1191 955 1404 985 conservatur

225 1005 273 1038 Ut
299 1013 486 1044 corrumpas
509 1003 701 1043 castitatem,
922 1001 968 1034 Et
993 1002 1147 1035 sacerdos
1175 1002 1347 1033 coronatur

273 1052 396 1094 Magna
421 1054 469 1084 est
494 1051 631 1091 insania,
973 1051 1013 1083 In
1039 1049 1172 1082 coelesti
1196 1048 1310 1090 gloria.

144 1112 201 1146 7a.
228 1111 301 1144 Non
329 1109 470 1143 feminea
490 1110 611 1142 virtute
843 1109 902 1143 7b.
923 1108 987 1141 Illa
1011 1107 1142 1149 victrix,
1166 1107 1224 1139 ille
1249 1106 1365 1146 victus,

228 1159 294 1191 Sed
321 1159 433 1191 divina
454 1160 617 1198 potestate
925 1156 1132 1189 Percussor'is
1158 1155 1253 1188 adest
1275 1154 1371 1197 ictus,

273 1207 304 1240 A
329 1205 439 1239 fronte
460 1206 635 1238 luminaria
974 1204 1222 1238 Consummatur
1245 1203 1363 1244 agonia

272 1254 423 1288 Revulsit
446 1254 616 1293 Eutropia.
975 1253 1138 1293 virginali
1162 1252 1311 1285 victoria.

142 1314 199 1348 8a.
228 1312 419 1345 Gratulatur
443 1311 538 1352 plebs
564 1310 679 1349 civiliS,
842 1311 901 1346 8b.
925 1310 1045 1343 Sancta
1069 1312 1205 1351 martyr,
1231 1310 1288 1350 pia
1309 1309 1413 1350 virgo,

230 1360 312 1401 Quia
335 1358 418 1401 fugit
443 1369 520 1400 pars
545 1358 684 1400 hortiliS,
926 1359 995 1392 Nos
1019 1358 1053 1392 in
1078 1359 1174 1399 huJus
1198 1358 1286 1390 vitae
1310 1358 1405 1399 pirgo

277 1407 406 1440 Timent
431 1409 540 1440 hostes
566 1406 737 1448 fugientes,
976 1408 1031 1441 Sic
1058 1407 1211 1447 deducas,
1238 1409 1276 1439 ut
1299 1406 1465 1446 perducas

274 1455 428 1489 Redeunt
452 1457 495 1488 ad
517 1456 665 1496 propria.
976 1455 1031 1489 Ad
1059 1456 1141 1488 coeli
1165 1455 1300 1496 palatia,

618 1514 649 1546 9.
677 1513 744 1546 Ubi
767 1513 847 1546 laeti

681 1565 845 1594 cantemus
871 1562 1012 1603 alleluja.

223 1648 309 1676 Mhs.
330 1656 384 1675 ms.
400 1645 429 1673 S.
444 1646 575 1682 Remigii
596 1655 673 1675 saec·
697 1644 741 1675 13.
757 1646 828 1676 Cod.
842 1647 981 1675 Remens.
1006 1644 1069 1675 122.
1091 1647 1158 1675 add.
1180 1655 1257 1675 saec.
1281 1644 1326 1674 14.
1343 1662 1382 1667 —
1396 1645 1447 1680 821,
1468 1644 1490 1673 4

147 1686 285 1715 Redeunt
303 1685 387 1714 fehlt.
408 1685 464 1713 Hs.
485 1701 523 1705 —
542 1686 614 1714 Mel.
635 1685 855 1714 selbrtredend:
876 1686 968 1715 Mane
988 1687 1087 1723 prima
1107 1685 1242 1714 Sabbati.

597 1828 659 1861 361.
699 1828 742 1861 De
761 1830 871 1861 sancto
890 1827 1027 1861 Nicasio.

148 1919 204 1954 ia.
233 1920 375 1953 Gloriosi
848 1921 906 1955 lb.
931 1920 979 1954 Ut
1002 1920 1173 1961 stupendis

282 1968 445 2001 Praesulis
471 1969 596 2001 Nicasii
980 1969 1100 2002 Titulis
1125 1968 1287 2011 gymnasii

233 2017 435 2050 Reverendis
460 2017 646 2050 attollamus
930 2017 1135 2051 Reverenter
1159 2018 1375 2058 adjungamus

282 2064 424 2098 Canticis
447 2065 614 2098 solemnia.
978 2066 1140 2107 Martyris
1164 2066 1339 2107 magnalia.

151 2128 209 2161 Za.
234 2127 447 2168 Triumphale
471 2128 580 2168 signat
602 2135 716 2160 nomen
848 2130 908 2163 2b.
933 2128 1032 2170 Cujus
1058 2129 1086 2161 si
1112 2129 1184 2170 quis
1209 2130 1273 2162 vim
1301 2132 1458 2170 exponat⁷

234 2175 279 2207 Et
303 2175 460 2217 triumphi
483 2175 625 2216 spondet
648 2184 741 2208 omen
931 2177 971 2210 In
996 2179 1151 2210 virtutem
1175 2180 1246 2213 tota
1270 2181 1366 2211 sonat

283 2223 329 2257 Et
353 2224 452 2257 sentit
477 2224 642 2265 mysteria,
982 2226 1131 2259 Nominis
1157 2226 1314 2267 potentia.

153 2285 209 2319 3a.
237 2287 275 2319 In
300 2287 465 2326 palaestra
491 2286 676 2320 Ghm'stiana
849 2288 909 2322 3b.
933 2289 1031 2322 Vices
1057 2289 1165 2323 David
1191 2289 1379 2322 assumebat

237 2334 334 2366 Miles
362 2334 482 2368 Christi
507 2343 664 2375 spernens
691 2344 775 2367 vana
932 2336 979 2369 Et
1002 2338 1038 2370 in
1061 2337 1172 2371 hostes
1198 2337 1401 2378 procedebat

287 2381 393 2414 Saulis
418 2382 568 2423 insignia,
982 2386 1108 2419 Ferens
1133 2385 1325 2427 pastoralia.
