1652 2678
638 113 683 119 ,-
734 91 903 129 250.—

99 197 158 231 4a.
187 194 353 228 Gemenclo
378 193 530 234 gradiens
796 188 857 222 4b.
877 187 962 220 Eam
985 185 1195 228 persequitur

229 251 289 284 per
314 242 533 281 solitudinem,
928 234 1127 268 Exclamans
1151 233 1307 266 Zosimas.

182 291 359 333 Elongans,
387 288 524 331 fugiens,
884 283 959 316 Stat
982 287 1081 323 atque
1104 282 1248 322 loquitur

232 339 307 372 Non
328 338 443 371 videns
467 336 640 375 hominem,
931 330 1116 364 Fundendo
1140 330 1304 363 lacrimas.

280 388 385 419 Avem
410 387 467 417 aut
490 384 641 423 bestiam,
980 378 1135 412 Pandens
1158 379 1334 411 miseriam.

100 447 157 479 ὅτι.
184 444 287 477 Audit
311 452 421 483 senex,
446 450 543 474 serva
566 440 630 473 Dei
799 439 858 473 5b.
881 438 965 479 Quia
988 437 1079 479 gelus
1105 446 1186 478 prae
1211 436 1318 477 rigore

181 492 278 532 Dum,
305 490 391 532 quod
417 490 493 531 egit,
519 487 622 522 refert
649 487 688 527 ei,
882 486 988 526 Saepe
1012 485 1166 526 stridens,
1192 484 1347 526 nequiore

185 540 302 580 Stupet
323 538 382 571 ille
405 537 534 570 modum
561 536 608 569 rei
884 534 1087 568 ¹Iorrebatur
1111 543 1131 566 a
1155 534 1275 574 calore,

229 588 358 620 Devote
382 586 603 618 considerans.
930 583 1023 617 Haec
1046 591 1107 623 pro
1132 581 1203 615 Deo
1228 582 1386 615 tolerans,

101 648 162 681 6a.
187 644 279 678 Pede
303 644 389 677 sicco
414 644 595 676 transitura
800 642 860 676 6b.
885 641 1019 674 Sursum
1045 641 1193 681 pendens
1220 641 1367 672 elevatur

184 692 299 734 Signat
323 701 423 733 aquas
450 694 482 724 et
507 690 619 724 futura
882 690 929 722 Et
951 690 1128 730 splendore
1149 689 1370 730 perlustratur

233 741 413 774 Praevidet
436 741 472 773 in
496 739 626 781 spirita,
933 738 1064 772 Orando
1092 741 1126 769 et
1148 737 1280 779 gemitu¹

103 800 122 834 7
134 809 163 835 a.
188 799 385 831 Transeunt-i
412 807 485 830 oum
508 798 666 838 trophaeo
800 797 819 830 7
826 796 861 831 b.
883 796 978 836 Quod
1001 795 1111 829 Maria
1133 798 1317 836 vocaretur,

182 848 342 881 Praesens
368 846 463 879 adest
486 846 600 887 ingens
625 845 677 877 leo
882 844 1048 884 Scriptum
1072 852 1172 876 senex
1195 845 1343 876 intuetur

229 897 355 929 Parans
381 895 450 934 ejus
474 895 651 935 tumulum3
929 893 1011 926 Mox
1030 892 1066 924 in
1088 895 1180 925 terra.
1201 892 1341 924 titulum.

101 956 157 989 Sa.
183 954 303 988 Preces
330 961 406 994 ergo
431 960 492 993 per
513 952 643 985 Mariae
798 951 860 985 8b.
885 950 1060 983 Valeamus
1087 957 1158 982 esse
1183 949 1233 982 sui

186 1001 298 1035 Donet
322 1000 480 1041 Christus,
505 1002 544 1033 nt
564 1001 600 1032 in
622 1000 676 1032 die
881 998 928 1031 Et
952 1007 1025 1031 oum
1050 1006 1089 1031 eo
1113 1006 1194 1031 vera
1215 994 1285 1030 frui

231 1048 337 1082 Nubis
364 1052 397 1081 et
422 1048 569 1090 caliginis
933 1046 1090 1079 Claritate
1113 1045 1256 1081 luminis.

174 1116 293 1145 Prcsar.
318 1124 375 1144 ms.
396 1115 627 1144 Marehianense
653 1122 731 1143 saec.
761 1113 805 1142 15.
828 1114 900 1143 God.
919 1115 1070 1142 Duacens.
1103 1110 1168 1142 123.
1195 1127 1235 1133 ss
1258 1111 1314 1146 4b‚
1335 1110 1354 1141 3
1374 1111 1443 1140 Stat

101 1158 130 1183 et
149 1155 283 1193 loquitur
304 1155 361 1183 Hs.
385 1169 419 1174 -—
442 1154 498 1188 41),
518 1153 539 1182 4
559 1153 700 1182 Fundens
720 1154 860 1182 lacrimas
881 1153 936 1181 Hs.
957 1167 995 1172 —
1016 1151 1070 1188 512,
1094 1150 1110 1180 1
1131 1152 1202 1190 gelu
1221 1151 1279 1180 Hs.

512 1246 574 1279 331.
598 1247 644 1279 De
664 1255 689 1279 s.
709 1246 812 1279 Maria
831 1246 1032 1287 Magdalena.

105 1315 162 1349 la.
192 1313 315 1355 Gaude,
343 1314 432 1355 Sion,
458 1315 556 1347 laude
580 1314 689 1355 plena,
800 1314 860 1348 1b.
884 1314 973 1354 Quae
997 1314 1087 1347 vitiis
1114 1314 1255 1354 expiata,

186 1362 251 1395 Pro
273 1362 384 1395 Maria
410 1362 610 1403 Magdalena
884 1362 1068 1395 Virtutibus
1093 1363 1266 1404 adornata,

233 1411 347 1443 Novus
374 1413 487 1443 cantus
511 1413 651 1452 resonet,
929 1410 1002 1444 Deo
1023 1411 1140 1443 laudes
1164 1411 1303 1443 intonet.

101 1469 160 1501 Za.
185 1467 226 1501 1n
250 1467 379 1501 fervore
404 1477 506 1501 novae
533 1469 606 1509 spei
798 1469 859 1504 2b.
882 1469 1008 1502 Christi
1031 1468 1134 1509 pedes
1157 1469 1254 1511 rigat,
1279 1468 1391 1511 tergit,

186 1515 315 1549 Donum
337 1517 439 1549 intrat
462 1516 628 1558 pharisaei
881 1517 1051 1559 Mysteriis
1076 1526 1152 1550 mox
1179 1517 1319 1558 extergit

233 1566 371 1598 Plorans
395 1566 482 1597 inter
507 1565 629 1608 epulas,
928 1565 1052 1598 Mentis
1078 1566 1147 1606 ejus
1172 1566 1328 1599 maculas.

101 1624 160 1656 3a.
188 1622 213 1656 Ο
241 1631 336 1663 quam
364 1621 445 1655 felix
470 1621 602 1668 femina,
799 1623 859 1659 31³.
885 1623 944 1657 Oui
967 1624 1106 1666 primum
1132 1633 1216 1665 prae
1240 1624 1357 1657 ceteris

185 1672 287 1712 Quam
312 1674 388 1711 post
410 1673 461 1704 tot
486 1671 677 1705 discrimina
882 1672 1066 1706 Revertens
1090 1672 1132 1705 ab
1158 1672 1276 1705 interis

229 1720 334 1752 Amor
357 1719 406 1752 sic
429 1719 586 1762 incendit,
931 1721 974 1754 Se
1000 1721 1149 1756 Christus
1175 1721 1328 1755 ostendit.

100 1779 160 1810 4a.
189 1777 214 1811 Ο
238 1777 357 1818 Maria,
383 1781 450 1811 tam
472 1777 578 1819 beata,
797 1778 859 1814 4b.
885 1779 953 1812 Ubi
977 1779 1100 1822 hauris,
1127 1780 1214 1821 quod
1239 1780 1349 1824 sitisti,

187 1825 276 1866 Quae
300 1835 387 1858 nunc
402 1826 524 1868 gaudes
538 1826 607 1868 jam
627 1827 739 1860 dotata
879 1827 967 1861 Nam
993 1828 1107 1861 dilecti
1130 1828 1180 1861 tui
1207 1828 1329 1862 Christi

232 1873 313 1907 Cum
336 1875 499 1916 supernis,
955 1877 1091 1909 Vultum
1116 1877 1234 1913 cernis.

102 1932 159 1965 5a.
185 1931 286 1973 Ergo,
314 1933 419 1966 duleis
438 1934 646 1977 Magdalena‚
798 1934 859 1968 5b.
884 1934 931 1967 Ut
955 1938 1033 1977 post
1054 1938 1194 1967 mortem
1220 1936 1295 1976 agni
1324 1944 1427 1969 coena

186 1981 251 2013 Per
275 1983 309 2013 te
333 1982 398 2014 reis
422 1979 503 2014 fluat
527 1990 611 2015 vena
882 1982 1095 2018 Perfruamur
1117 1983 1152 2016 in
1177 1992 1314 2017 amoena

232 2028 354 2062 Salutis
381 2033 414 2062 et
437 2030 562 2070 veniae,
930 2032 1108 2065 Beatorum
1132 2033 1255 2073 requie.

174 2095 260 2123 Miss.
286 2104 343 2124 ms.
370 2096 712 2126 Romano-Franfflsean.
742 2105 819 2126 saee.
844 2096 890 2126 14.
919 2098 990 2127 eod.
1013 2099 1292 2137 Carpentoraetens.
1315 2098 1380 2128 107.
1401 2115 1446 2121 -κ

99 2131 151 2166 210,
174 2131 190 2161 1
209 2135 284 2170 figit,
308 2136 399 2171 tergit
418 2134 474 2162 Hs.

495 2227 562 2260 332.
602 2228 649 2260 De
667 2237 692 2260 s.
713 2228 818 2260 Maria
836 2229 1039 2271 Elagdalena.

508 2301 539 2333 1.
566 2299 690 2336 Summi
713 2302 796 2332 nutu
817 2300 961 2343 Domini,

568 2347 668 2389 Cujus
693 2350 805 2381 sancto
830 2350 954 2384 nomini

615 2395 682 2429 Det
705 2396 820 2429 laudes
847 2398 995 2439 ecclesia,
