1652 2678
771 121 1034 156 -132—

683 225 744 258 173.
786 225 831 257 De
851 224 961 256 saneto
982 221 1127 254 Antonio.

240 309 301 342 la.
328 307 415 341 Laus
440 308 602 346 solemnis,
628 307 699 339 laus
726 307 842 338 devota
936 303 996 338 ib.
1020 303 1131 336 Virtus
1157 302 1254 340 vitae,
1280 299 1340 333 flos
1364 299 1537 341 signorum,

322 356 448 389 Novum
475 365 560 389 nova
586 363 645 395 spe
669 357 818 395 promota
1025 351 1098 384 Lux
1126 349 1304 390 doctrinae,
1330 349 1380 380 vis
1405 347 1578 380 verborum

374 404 531 437 Sustollat
557 404 743 442 Antonium,
1066 399 1190 432 Laudis
1216 400 1290 430 sunt
1314 396 1534 437 praeconium.

240 464 298 496 Za.
325 462 499 502 Augustini
523 462 614 502 prius
639 468 795 499 normam,
937 458 994 491 2b.
1018 456 1172 489 Fratrum
1197 458 1274 488 nota
1299 455 1451 496 passione

324 511 404 544 Post
422 509 591 542 Francisci
609 511 722 540 tenens
741 505 877 539 formam
1018 505 1122 538 Matri
1147 502 1295 546 praefert
1320 503 1506 536 Ulixbonae

374 557 485 598 Spirat
510 558 553 589 ad
577 556 778 597 martyrium,
1069 552 1208 586 Rebelle
1233 551 1448 585 Marochium.

240 617 301 650 3a.
330 615 395 656 Spe
420 614 596 647 frustratur
622 618 809 646 remanente
937 613 996 647 3b.
1018 611 1152 645 Martha
1176 610 1277 643 servit
1303 609 1432 650 vilitati,

323 663 393 697 Deo
419 672 505 695 secus
540 663 733 702 disponente
1023 660 1088 694 Sed
1113 659 1223 693 Maria
1248 658 1379 691 veritati

374 712 428 745 Ad
454 711 591 743 salutem
616 711 766 748 omnium,
1071 709 1197 742 Dilatat
1222 707 1407 749 hospitium.

242 771 301 804 4a.
328 770 388 810 Tu,
416 769 470 810 qui
496 769 595 802 verbo
622 771 745 801 mentes
771 776 876 807 sanaS‚
940 767 999 801 41).
1023 770 1112 801 Arca
1139 767 1244 799 dictus
1268 766 1465 805 testamenti,

324 818 467 851 Mortem
497 818 594 858 pellis
621 819 653 850 et
676 815 831 857 profanas
1025 816 1129 849 Tuum
1155 815 1247 847 nobis
1273 815 1306 847 in
1325 813 1492 854 praesenti

349 866 447 899 Virus
472 864 663 909 infidelium,
1074 863 1194 896 Confer
1219 862 1446 903 patrocinium.

660 926 691 958 5.
718 923 824 955 Amen
852 921 963 954 dicant
987 922 1104 954 omnia.

317 1000 404 1027 Miss.
426 1009 481 1028 ms.
505 999 695 1028 Franciscan.
719 1007 795 1027 saec.
819 995 864 1025 14.
886 997 959 1026 Cod.
982 997 1218 1025 Cenomannens.
1240 994 1296 1025 249

660 1131 722 1163 174.
764 1130 806 1162 De
827 1130 937 1162 sancto
959 1129 1156 1171 Apollinare.

244 1214 300 1247 la.
328 1214 452 1246 Plaude
477 1213 594 1254 plausu
620 1212 815 1246 laetabundo
942 1211 1002 1245 ib.
1027 1211 1115 1251 Quae
1142 1212 1325 1252 congaudes
1353 1213 1385 1243 et
1408 1211 1539 1243 laetaris

326 1263 414 1295 Voce
441 1262 540 1299 clara,
568 1261 665 1294 corde
689 1262 821 1304 mundo,
1025 1261 1190 1294 Praesulis
1217 1260 1419 1299 Apollinaris

375 1310 499 1343 Civitas
529 1310 689 1350 Valentia,
1075 1308 1180 1341 Felici
1208 1308 1405 1349 praesentia.

242 1370 298 1401 Za.
325 1368 390 1401 Hic
418 1368 564 1401 Viennae
590 1368 668 1401 civis
694 1371 783 1401 ortus
941 1367 1000 1400 ab.
1022 1367 1125 1400 Verbi
1149 1368 1235 1399 lator
1260 1370 1293 1399 et
1317 1366 1447 1400 virtutis

328 1417 485 1450 Salutaris
515 1417 612 1449 datur
637 1420 749 1458 portus
1025 1415 1120 1448 Viam
1146 1415 1237 1457 pacis
1264 1418 1297 1447 et
1321 1415 1435 1447 salutis

379 1465 509 1500 Civibus
538 1466 716 1505 Valentiae,
1075 1464 1187 1497 Palam
1212 1462 1292 1497 fecit
1316 1464 1454 1505 patriae.

244 1525 300 1558 3a.
326 1525 490 1565 Praeceps
515 1525 566 1556 ira
590 1522 801 1556 furibundum
943 1522 1003 1556 3b.
1029 1522 1129 1563 Fugit
1152 1523 1284 1563 praesul
1311 1531 1372 1563 ope
1398 1522 1497 1562 venti,

327 1572 450 1606 Reddit
475 1581 584 1614 regem
611 1571 851 1614 Sigismundum
1024 1571 1157 1604 Portum
1183 1571 1343 1611 praebent
1368 1569 1507 1612 fugienti

381 1621 502 1654 Contra
529 1621 692 1654 Christum
717 1621 860 1661 Domini,
1075 1619 1200 1653 Sardae
1226 1620 1320 1661 ripae
1344 1620 1485 1652 termini.

245 1680 302 1714 4a.
329 1680 465 1712 Aestuni
491 1680 569 1712 solis
594 1687 654 1719 per
680 1679 845 1712 admotum
943 1677 1003 1712 4b.
1025 1678 1110 1719 Regi
1134 1677 1237 1711 febris
1260 1679 1295 1711 in
1321 1687 1442 1719 angore

326 1727 463 1761 Flumen
492 1729 599 1760 calens
624 1731 722 1769 negat
745 1731 868 1771 potum,
1027 1727 1223 1760 Subvenitur
1249 1727 1289 1759 ab
1315 1735 1428 1768 uxore,

328 1776 446 1809 Sancto
472 1778 580 1809 tamen
607 1776 703 1810 <latur
726 1779 836 1809 votum
1026 1776 1112 1808 Nam
1137 1775 1175 1808 fit
1199 1775 1284 1809 liber
1310 1785 1329 1808 a
1356 1776 1468 1809 dolore

376 1825 500 1858 Hausto
527 1824 616 1858 fonte
641 1826 778 1859 sarculo.
1077 1824 1230 1858 Cucullae
1258 1825 1425 1858 miraculo.

247 1885 306 1917 5a.
334 1884 491 1917 Arelaten
519 1884 661 1917 venienti
944 1883 1002 1917 5b.
1026 1884 1173 1917 Daemon
1197 1884 1302 1916 tristis
1329 1886 1362 1915 et
1385 1884 1506 1916 invitus

329 1932 386 1966 Fit
411 1933 550 1965 adversa
573 1933 622 1964 vis
647 1931 768 1977 fluenti,
1027 1934 1095 1966 Dat
1121 1933 1278 1964 clamores
1303 1935 1336 1964 et
1358 1932 1480 1965 invitus

328 1981 407 2014 Viro
433 1981 495 2014 Dei
519 1983 637 2022 parent
661 1981 751 2014 venti
1028 1981 1080 2013 Ab
1108 1979 1239 2013 obsesso
1266 1979 1350 2022 fugit
1377 1982 1470 2022 citus,

379 2029 622 2070 Tranquillatur
646 2029 773 2062 fluvius.
1080 2028 1220 2063 Curatur
1245 2029 1443 2070 Almiphius.

246 2087 303 2122 δα.
331 2088 375 2120 Os
401 2088 443 2120 ad
469 2097 563 2120 saera
590 2087 779 2128 deputatum
945 2086 1005 2120 6b.
1027 2086 1166 2127 Quidam
1191 2088 1310 2121 surdus
1336 2090 1435 2130 atque
1459 2092 1566 2122 mutus

331 2135 395 2168 Est
418 2136 549 2168 incaute
575 2137 809 2175 conservatum,
1027 2135 1091 2168 Est
1118 2136 1216 2168 saluti
1241 2137 1411 2170 restitutus

332 2184 424 2223 Quod
449 2184 597 2217 minister
622 2184 816 2216 occultatum
1030 2184 1160 2217 Donum
1185 2184 1248 2218 Dei
1274 2189 1475 2227 consecutus,

379 2232 419 2266 In
444 2242 544 2266 arena
567 2232 700 2272 reperit.
1082 2233 1143 2267 Cui
1168 2234 1252 2266 nihil
1280 2235 1418 2275 deperit.

249 2291 305 2324 7a.
333 2290 478 2323 Daemon
507 2292 621 2324 ductus
647 2293 718 2322 arte
742 2298 827 2321 vana
948 2291 966 2323 7
974 2289 1007 2324 b.
1032 2291 1149 2332 Stupet
1172 2292 1258 2324 lecto
1284 2301 1319 2324 se
1344 2294 1449 2325 teneri

330 2339 430 2371 Veste
454 2339 540 2372 ludit
564 2338 623 2371 sub
650 2338 799 2377 humana,
1029 2339 1145 2380 Neque
1170 2349 1267 2381 posse
1293 2342 1464 2382 removeri,

331 2387 418 2419 Dum
448 2388 610 2427 percussit
634 2386 723 2419 fraus
746 2384 887 2427 profana
1030 2388 1178 2421 Tandem
1203 2390 1325 2429 gaudet
1349 2389 1474 2422 hostem
1500 2392 1564 2424 teri

382 2436 420 2468 In
445 2436 610 2468 maxillam
636 2435 806 2476 praesulis,
1078 2436 1199 2477 Ruptis
1224 2437 1294 2476 ejus
1319 2437 1469 2473 vinculis,
