1652 2678
736 102 978 137 —20-

193 204 250 237 5a.
277 202 340 242 Eja
370 203 484 235 intona

275 254 389 283 nostra
412 250 539 282 tinnula
562 248 713 289 frequens

276 299 410 340 musica,

193 358 250 391 6a.
278 356 333 389 Sic
356 357 498 389 clamans
525 364 643 387 cernua

277 414 336 437 sua
361 404 427 437 fert
450 404 589 436 Domino

275 462 425 486 munera:
753 441 769 457 *

275 509 351 542 Tibi
376 509 489 549 gloria,

276 556 416 597 trinitas,

276 613 389 637 ereans
414 603 530 636 omnia.

191 664 247 695 72.
275 661 346 694 Tua
370 663 444 692 sunt

276 709 393 741 etenim
417 708 579 750 universa,

276 766 359 797 quae
385 756 533 789 condidit
557 758 613 787 tua
639 754 783 796 dextera,

276 805 406 845 coelica,
432 806 522 836 terra
548 806 579 836 et
605 812 697 844 aqua.

192 866 248 899 Sa.
276 862 429 904 Digneris
454 870 550 903 nune,
577 869 778 905 quaesumus,

193 1019 249 1052 9a.

193 1615 240 1646 Za

191 1819 247 1851 321.

189 2022 251 2053 4a.

273 909 446 952 flagrantia

275 968 403 991 sumere
428 961 514 992 vota.

275 1017 321 1050 Et
345 1020 402 1049 tua
423 1016 530 1057 gratia

274 1068 398 1098 mentes
420 1067 548 1096 nostras

275 1116 307 1145 et
333 1121 470 1153 corpora
495 1112 543 1144 sic
570 1111 702 1152 dirigas,

891 198 950 231 5b.

890 349 949 384 61).

890 656 948 690 7b.

891 858 950 894 Sb.

974 197 1078 230 Canta
1104 194 1231 226 cantica

974 253 1063 284 voce,
1091 243 1199 282 choro,
1225 243 1396 281 tympano,

974 291 1108 326 cithara.

973 348 1096 392 Virtus,
1122 349 1268 389 potestas

973 405 1058 429 nuuc
1084 399 1116 429 et
1140 404 1199 436 per

975 447 1092 477 cuncta
1117 444 1247 476 saecula

974 501 1133 542 Genitori,
1160 504 1237 533 nato

973 550 1180 590 neumatique
1205 550 1318 581 sancto

973 602 1113 632 maneat.

972 655 1049 690 Tibi
1073 657 1131 688 lux

973 703 1172 737 famulantur
1201 705 1234 735 et
1257 701 1384 736 umbra.

974 755 1063 786 terra
1087 752 1177 793 parit,
1199 754 1257 784 tua
1282 753 1363 789 sata,

973 810 1064 834 mare
1088 803 1177 833 tenet
1201 802 1259 832 tua
1281 799 1382 839 jussa.

974 858 1138 892 Faeinora
1164 866 1319 899 expurga,

973 916 1121 940 misenas

973 957 1097 997 repelle
1123 957 1266 995 cunctas,

890 1013 949 1049 9b.
971 1013 1019 1047 Ut
1040 1015 1144 1055 judex
1168 1013 1301 1046 veniens

973 1071 994 1102 1)
998 1070 1220 1095 ermanSUI'am

973 1111 1067 1144 nobis
1098 1110 1258 1143 concedas
1284 1109 1433 1150 gloriam.

598 1170 654 1203 10.
681 1170 721 1202 111
747 1178 810 1210 qua
834 1168 895 1201 tibi
919 1168 1034 1201 laudes
1058 1171 1153 1201 canat

682 1221 796 1250 nostra
822 1219 963 1258 caterva,

681 1266 803 1306 Alleluj
807 1275 827 1298 a

681 1323 837 1347 resonans
863 1322 924 1354 per
950 1314 1089 1347 saecula.

266 1391 356 1427 Trop.
377 1399 431 1418 ms.
452 1390 654 1419 Novalicense
674 1399 751 1419 saec.
775 1388 820 1418 11.
843 1390 915 1418 Cod.
936 1389 1097 1418 Oxoniens.
1118 1389 1222 1417 Douce
1243 1386 1310 1416 2⁶22.

643 1483 684 1515 17.
725 1483 760 1516 In
780 1482 961 1516 Nativitate
981 1482 1072 1515 ssnv.

753 1556 783 1589 1.
812 1554 943 1588 Summa

890 1614 911 1646 2
918 1611 939 1644 b
944 1638 952 1647 .

244 1641 250 1647 .
278 1612 389 1654 Stirpe
409 1613 527 1654 genita,

274 1661 364 1702 virgo
390 1661 509 1702 Maria,

274 1718 385 1751 regum
411 1712 596 1742 sanctorum

277 1756 390 1798 filiola,

275 1816 363 1856 Quae
388 1816 531 1857 stipitem

276 1868 426 1897 vetustae
449 1873 555 1897 noxae

274 1911 355 1946 flore
378 1913 501 1954 gratiae

276 1960 501 2001 obumbrabat,

278 2018 363 2051 Nam
388 2019 479 2059 virgo
506 2019 678 2052 exstiterat

274 2067 379 2108 aiida,

276 2116 364 2148 Ante
395 2115 475 2149 Cain

276 2171 372 2202 quam
400 2163 573 2204 polluisset
598 2164 735 2196 eandem

275 2210 410 2244 humore

277 2256 416 2291 fraterni
439 2259 614 2300 sanguinis,

277 2305 383 2339 libera
406 2307 520 2339 livoris
545 2306 676 2340 flamma

275 2362 337 2386 nec
363 2355 470 2389 calens

276 2402 423 2436 libidinis
455 2402 591 2435 macula.

891 1815 952 1852 3b.

890 2019 952 2053 4b.

973 1611 1084 1646 Hodie
1109 1621 1184 1645 rosa

975 1660 1017 1694 de
1042 1662 1144 1702 spinis
1171 1661 1273 1694 acutis

973 1708 1065 1743 Evae
1091 1712 1164 1742 orta
1189 1712 1238 1741 est,

976 1758 1178 1791 mollissima.

974 1815 1070 1850 Hanc
1095 1819 1266 1850 venturam

975 1864 1186 1907 signaverant
1206 1865 1274 1905 jam

975 1915 1075 1947 saecli
1105 1914 1245 1947 recentis

977 1963 1122 1995 exordia.

975 2019 1024 2051 Te
1047 2020 1112 2051 viri
1136 2022 1170 2051 et
1194 2017 1336 2050 feminae

976 2068 1171 2107 praedicant

978 2114 1137 2148 Castitate

977 2165 1149 2203 sequentes
1177 2162 1258 2195 coeli
1284 2163 1440 2207 reginam,

976 2218 1033 2243 seu
1060 2211 1177 2243 chorus

977 2258 1037 2291 sub
1063 2259 1136 2299 lege
1161 2259 1348 2299 principum

978 2308 1031 2339 vel
1057 2316 1214 2340 novorum
1240 2310 1377 2341 stemma
1395 2314 1540 2355 patrum,

974 2354 1061 2387 inter
1083 2364 1162 2396 quos

976 2405 1012 2435 tu
1037 2403 1153 2436 rutilas
1178 2403 1330 2438 maxima.
