<?xml version="1.0" encoding="UTF-8"?>
<!DOCTYPE html PUBLIC "-//W3C//DTD XHTML 1.0 Transitional//EN"
    "http://www.w3.org/TR/xhtml1/DTD/xhtml1-transitional.dtd">
<html xmlns="http://www.w3.org/1999/xhtml" xml:lang="en" lang="en">
 <head>
  <title>
</title>
<meta http-equiv="Content-Type" content="text/html;charset=utf-8" />
  <meta name='ocr-system' content='tesseract 3.04.00' />
  <meta name='ocr-capabilities' content='ocr_page ocr_carea ocr_par ocr_line ocrx_word'/>
</head>
<body>
  <div class='ocr_page' id='page_1' title='image "./analectahymnica10drevuoft_00045.png"; bbox 0 0 1652 2678; ppageno 0'>
   <div class='ocr_carea' id='block_1_1' title="bbox 690 97 928 133">
    <p class='ocr_par' dir='ltr' id='par_1_1' title="bbox 690 97 928 133">
     <span class='ocr_line' id='line_1_1' title="bbox 690 97 928 133; baseline -0.008 -10"><span class='ocrx_word' id='word_1_1' title='bbox 690 97 928 133; x_wconf 67' lang='lat'>-42-</span> 
     </span>
    </p>
   </div>
   <div class='ocr_carea' id='block_1_2' title="bbox 140 197 728 278">
    <p class='ocr_par' dir='ltr' id='par_1_2' title="bbox 140 197 728 278">
     <span class='ocr_line' id='line_1_2' title="bbox 140 197 728 238; baseline -0.002 -8"><span class='ocrx_word' id='word_1_2' title='bbox 140 199 197 231; x_wconf 86' lang='lat' dir='ltr'>3a.</span> <span class='ocrx_word' id='word_1_3' title='bbox 223 197 288 230; x_wconf 88' lang='lat' dir='ltr'>Per</span> <span class='ocrx_word' id='word_1_4' title='bbox 313 197 399 238; x_wconf 88' lang='lat' dir='ltr'>quod</span> <span class='ocrx_word' id='word_1_5' title='bbox 424 197 512 238; x_wconf 88' lang='lat' dir='ltr'><strong>digni</strong></span> <span class='ocrx_word' id='word_1_6' title='bbox 537 197 728 230; x_wconf 81' lang='lat' dir='ltr'>habebimur</span> 
     </span>
     <span class='ocr_line' id='line_1_3' title="bbox 271 245 637 278; baseline 0 0"><span class='ocrx_word' id='word_1_7' title='bbox 271 249 455 278; x_wconf 70' lang='lat' dir='ltr'>sanctourm</span> <span class='ocrx_word' id='word_1_8' title='bbox 477 245 637 278; x_wconf 87' lang='lat' dir='ltr'>consortio</span> 
     </span>
    </p>
   </div>
   <div class='ocr_carea' id='block_1_3' title="bbox 137 303 681 384">
    <p class='ocr_par' dir='ltr' id='par_1_3' title="bbox 137 303 681 384">
     <span class='ocr_line' id='line_1_4' title="bbox 137 303 681 344; baseline -0.004 -7"><span class='ocrx_word' id='word_1_9' title='bbox 137 305 198 337; x_wconf 83' lang='lat' dir='ltr'>4a.</span> <span class='ocrx_word' id='word_1_10' title='bbox 224 303 312 344; x_wconf 87' lang='lat' dir='ltr'>Ergo</span> <span class='ocrx_word' id='word_1_11' title='bbox 337 303 450 336; x_wconf 84' lang='lat' dir='ltr'>laudes</span> <span class='ocrx_word' id='word_1_12' title='bbox 476 303 546 336; x_wconf 90' lang='lat' dir='ltr'>Deo</span> <span class='ocrx_word' id='word_1_13' title='bbox 571 306 681 335; x_wconf 82' lang='lat' dir='ltr'>nostro</span> 
     </span>
     <span class='ocr_line' id='line_1_5' title="bbox 274 351 663 384; baseline -0.005 0"><span class='ocrx_word' id='word_1_14' title='bbox 274 352 424 384; x_wconf 71' lang='lat' dir='ltr'>concinat</span> <span class='ocrx_word' id='word_1_15' title='bbox 447 352 528 384; x_wconf 83' lang='lat' dir='ltr'>haec</span> <span class='ocrx_word' id='word_1_16' title='bbox 554 351 663 384; x_wconf 80' lang='lat' dir='ltr'>concio</span> 
     </span>
    </p>
   </div>
   <div class='ocr_carea' id='block_1_4' title="bbox 835 189 1333 230">
    <p class='ocr_par' dir='ltr' id='par_1_4' title="bbox 835 189 1333 230">
     <span class='ocr_line' id='line_1_6' title="bbox 835 189 1333 230; baseline -0.018 0"><span class='ocrx_word' id='word_1_17' title='bbox 835 195 895 230; x_wconf 84' lang='lat' dir='ltr'>3b.</span> <span class='ocrx_word' id='word_1_18' title='bbox 917 194 962 227; x_wconf 75' lang='lat' dir='ltr'>Et</span> <span class='ocrx_word' id='word_1_19' title='bbox 988 191 1131 225; x_wconf 83' lang='lat' dir='ltr'><strong>fruemur</strong></span> <span class='ocrx_word' id='word_1_20' title='bbox 1156 189 1333 222; x_wconf 79' lang='lat' dir='ltr'>immortali</span> 
     </span>
    </p>
   </div>
   <div class='ocr_carea' id='block_1_5' title="bbox 969 237 1320 280">
    <p class='ocr_par' dir='ltr' id='par_1_5' title="bbox 969 237 1320 280">
     <span class='ocr_line' id='line_1_7' title="bbox 969 237 1320 280; baseline -0.009 -8"><span class='ocrx_word' id='word_1_21' title='bbox 969 240 1165 280; x_wconf 72' lang='lat' dir='ltr'>sempiterno</span> <span class='ocrx_word' id='word_1_22' title='bbox 1191 237 1320 279; x_wconf 78' lang='lat' dir='ltr'>gaudio.</span> 
     </span>
    </p>
   </div>
   <div class='ocr_carea' id='block_1_6' title="bbox 838 295 1403 387">
    <p class='ocr_par' dir='ltr' id='par_1_6' title="bbox 838 295 1403 387">
     <span class='ocr_line' id='line_1_8' title="bbox 838 295 1403 339; baseline -0.016 -5"><span class='ocrx_word' id='word_1_23' title='bbox 838 301 898 335; x_wconf 81' lang='lat' dir='ltr'>4b.</span> <span class='ocrx_word' id='word_1_24' title='bbox 922 298 1038 339; x_wconf 85' lang='lat' dir='ltr'>Corde,</span> <span class='ocrx_word' id='word_1_25' title='bbox 1065 306 1145 330; x_wconf 87' lang='lat' dir='ltr'>voce</span> <span class='ocrx_word' id='word_1_26' title='bbox 1170 296 1197 329; x_wconf 88' lang='lat' dir='ltr'>si</span> <span class='ocrx_word' id='word_1_27' title='bbox 1222 295 1403 334; x_wconf 79' lang='lat' dir='ltr'>laudemus,</span> 
     </span>
     <span class='ocr_line' id='line_1_9' title="bbox 972 343 1350 387; baseline -0.011 -9"><span class='ocrx_word' id='word_1_28' title='bbox 972 347 1040 387; x_wconf 88' lang='lat' dir='ltr'>ejus</span> <span class='ocrx_word' id='word_1_29' title='bbox 1065 354 1181 386; x_wconf 84' lang='lat' dir='ltr'>magno</span> <span class='ocrx_word' id='word_1_30' title='bbox 1204 343 1350 385; x_wconf 83' lang='lat' dir='ltr'>praemio</span> 
     </span>
    </p>
   </div>
   <div class='ocr_carea' id='block_1_7' title="bbox 656 418 962 458">
    <p class='ocr_par' dir='ltr' id='par_1_7' title="bbox 656 418 962 458">
     <span class='ocr_line' id='line_1_10' title="bbox 656 418 962 458; baseline -0.013 -7"><span class='ocrx_word' id='word_1_31' title='bbox 656 419 687 451; x_wconf 90' lang='lat'>5.</span> <span class='ocrx_word' id='word_1_32' title='bbox 715 418 962 458; x_wconf 80' lang='lat' dir='ltr'>Participamus.</span> 
     </span>
    </p>
   </div>
   <div class='ocr_carea' id='block_1_8' title="bbox 215 486 1483 523">
    <p class='ocr_par' dir='ltr' id='par_1_8' title="bbox 215 486 1483 523">
     <span class='ocr_line' id='line_1_11' title="bbox 215 486 1483 523; baseline -0.007 0"><span class='ocrx_word' id='word_1_33' title='bbox 215 495 332 523; x_wconf 85' lang='lat' dir='ltr'>Prosar.</span> <span class='ocrx_word' id='word_1_34' title='bbox 354 504 407 523; x_wconf 89' lang='lat' dir='ltr'>ms.</span> <span class='ocrx_word' id='word_1_35' title='bbox 428 494 657 523; x_wconf 60' lang='lat' dir='ltr'>Mai-chiemense</span> <span class='ocrx_word' id='word_1_36' title='bbox 676 502 752 522; x_wconf 82' lang='lat' dir='ltr'>saec.</span> <span class='ocrx_word' id='word_1_37' title='bbox 775 492 819 522; x_wconf 88' lang='grc'>15.</span> <span class='ocrx_word' id='word_1_38' title='bbox 842 493 913 522; x_wconf 80' lang='lat' dir='ltr'>Cod.</span> <span class='ocrx_word' id='word_1_39' title='bbox 937 492 1087 519; x_wconf 87' lang='lat' dir='ltr'>Duacens.</span> <span class='ocrx_word' id='word_1_40' title='bbox 1111 486 1176 517; x_wconf 82' lang='lat'>123.</span> <span class='ocrx_word' id='word_1_41' title='bbox 1201 503 1238 507; x_wconf 94' lang='lat'>——</span> <span class='ocrx_word' id='word_1_42' title='bbox 1259 487 1345 516; x_wconf 83' lang='lat' dir='ltr'>Mel.:</span> <span class='ocrx_word' id='word_1_43' title='bbox 1375 487 1483 523; x_wconf 86' lang='lat' dir='ltr'>Sospi—</span> 
     </span>
    </p>
   </div>
   <div class='ocr_carea' id='block_1_9' title="bbox 137 533 432 569">
    <p class='ocr_par' dir='ltr' id='par_1_9' title="bbox 137 533 432 569">
     <span class='ocr_line' id='line_1_12' title="bbox 137 533 432 569; baseline -0.007 -7"><span class='ocrx_word' id='word_1_44' title='bbox 137 536 194 562; x_wconf 76' lang='lat' dir='ltr'>tati</span> <span class='ocrx_word' id='word_1_45' title='bbox 215 533 297 562; x_wconf 80' lang='lat' dir='ltr'><strong>dedit</strong></span> <span class='ocrx_word' id='word_1_46' title='bbox 318 542 432 569; x_wconf 83' lang='lat' dir='ltr'>aegros.</span> 
     </span>
    </p>
   </div>
   <div class='ocr_carea' id='block_1_10' title="bbox 586 632 1024 676">
    <p class='ocr_par' dir='ltr' id='par_1_10' title="bbox 586 632 1024 676">
     <span class='ocr_line' id='line_1_13' title="bbox 586 632 1024 676; baseline -0.005 -10"><span class='ocrx_word' id='word_1_47' title='bbox 586 634 634 666; x_wconf 88' lang='grc'>50.</span> <span class='ocrx_word' id='word_1_48' title='bbox 674 635 719 667; x_wconf 87' lang='lat' dir='ltr'>De</span> <span class='ocrx_word' id='word_1_49' title='bbox 741 635 875 676; x_wconf 80' lang='lat' dir='ltr'>Corpore</span> <span class='ocrx_word' id='word_1_50' title='bbox 896 632 1024 665; x_wconf 76' lang='lat' dir='ltr'><strong>Christi.</strong></span> 
     </span>
    </p>
   </div>
   <div class='ocr_carea' id='block_1_11' title="bbox 137 715 740 852">
    <p class='ocr_par' dir='ltr' id='par_1_11' title="bbox 137 715 740 852">
     <span class='ocr_line' id='line_1_14' title="bbox 137 715 450 751; baseline -0.013 0"><span class='ocrx_word' id='word_1_51' title='bbox 137 718 192 751; x_wconf 85' lang='lat' dir='ltr'>la.</span> <span class='ocrx_word' id='word_1_52' title='bbox 218 715 450 748; x_wconf 83' lang='lat' dir='ltr'>Laetabundus</span> 
     </span>
     <span class='ocr_line' id='line_1_15' title="bbox 218 762 740 797; baseline 0.002 -2"><span class='ocrx_word' id='word_1_53' title='bbox 218 763 316 796; x_wconf 86' lang='lat' dir='ltr'>Nunc</span> <span class='ocrx_word' id='word_1_54' title='bbox 339 766 448 795; x_wconf 78' lang='lat' dir='ltr'>cantet</span> <span class='ocrx_word' id='word_1_55' title='bbox 470 762 578 796; x_wconf 89' lang='lat' dir='ltr'>fidelis</span> <span class='ocrx_word' id='word_1_56' title='bbox 602 764 740 797; x_wconf 88' lang='lat' dir='ltr'>mundus</span> 
     </span>
     <span class='ocr_line' id='line_1_16' title="bbox 267 812 423 852; baseline 0.013 -8"><span class='ocrx_word' id='word_1_57' title='bbox 267 812 423 852; x_wconf 84' lang='lat' dir='ltr'>Alleluja.</span> 
     </span>
    </p>
   </div>
   <div class='ocr_carea' id='block_1_12' title="bbox 139 869 682 1154">
    <p class='ocr_par' dir='ltr' id='par_1_12' title="bbox 139 869 682 1154">
     <span class='ocr_line' id='line_1_17' title="bbox 139 869 643 910; baseline -0.004 -6"><span class='ocrx_word' id='word_1_58' title='bbox 139 873 196 904; x_wconf 65' lang='lat'>221.</span> <span class='ocrx_word' id='word_1_59' title='bbox 226 869 350 910; x_wconf 86' lang='lat' dir='ltr'>Corpus</span> <span class='ocrx_word' id='word_1_60' title='bbox 375 879 468 902; x_wconf 89' lang='lat' dir='ltr'>suum</span> <span class='ocrx_word' id='word_1_61' title='bbox 490 870 643 910; x_wconf 80' lang='lat' dir='ltr'>praebuit</span> 
     </span>
     <span class='ocr_line' id='line_1_18' title="bbox 223 916 682 959; baseline 0 -9"><span class='ocrx_word' id='word_1_62' title='bbox 223 919 276 951; x_wconf 87' lang='lat' dir='ltr'>Ad</span> <span class='ocrx_word' id='word_1_63' title='bbox 303 918 510 959; x_wconf 83' lang='lat' dir='ltr'>vescendum,</span> <span class='ocrx_word' id='word_1_64' title='bbox 538 918 586 950; x_wconf 89' lang='lat' dir='ltr'>sic</span> <span class='ocrx_word' id='word_1_65' title='bbox 609 916 682 950; x_wconf 75' lang='lat' dir='ltr'>fluit</span> 
     </span>
     <span class='ocr_line' id='line_1_19' title="bbox 269 966 522 1000; baseline -0.004 0"><span class='ocrx_word' id='word_1_66' title='bbox 269 967 325 1000; x_wconf 88' lang='lat' dir='ltr'>Sol</span> <span class='ocrx_word' id='word_1_67' title='bbox 352 966 393 998; x_wconf 86' lang='lat' dir='ltr'>de</span> <span class='ocrx_word' id='word_1_68' title='bbox 418 966 522 1000; x_wconf 78' lang='lat' dir='ltr'>stella.</span> 
     </span>
     <span class='ocr_line' id='line_1_20' title="bbox 142 1023 655 1065; baseline -0.004 -8"><span class='ocrx_word' id='word_1_69' title='bbox 142 1026 198 1058; x_wconf 85' lang='lat' dir='ltr'>3a.</span> <span class='ocrx_word' id='word_1_70' title='bbox 227 1023 281 1056; x_wconf 84' lang='lat' dir='ltr'>Sic</span> <span class='ocrx_word' id='word_1_71' title='bbox 306 1025 415 1056; x_wconf 90' lang='lat' dir='ltr'>vinum</span> <span class='ocrx_word' id='word_1_72' title='bbox 439 1024 474 1055; x_wconf 88' lang='lat' dir='ltr'>in</span> <span class='ocrx_word' id='word_1_73' title='bbox 499 1024 655 1065; x_wconf 85' lang='lat' dir='ltr'>sanguine</span> 
     </span>
     <span class='ocr_line' id='line_1_21' title="bbox 218 1072 563 1105; baseline 0 -1"><span class='ocrx_word' id='word_1_74' title='bbox 218 1072 319 1104; x_wconf 86' lang='lat' dir='ltr'>Verbi</span> <span class='ocrx_word' id='word_1_75' title='bbox 344 1072 563 1105; x_wconf 78' lang='lat' dir='ltr'>modulamine</span> 
     </span>
     <span class='ocr_line' id='line_1_22' title="bbox 267 1119 487 1154; baseline 0 0"><span class='ocrx_word' id='word_1_76' title='bbox 267 1121 346 1154; x_wconf 86' lang='lat' dir='ltr'>Pari</span> <span class='ocrx_word' id='word_1_77' title='bbox 372 1119 487 1154; x_wconf 78' lang='lat' dir='ltr'>forma.</span> 
     </span>
    </p>
   </div>
   <div class='ocr_carea' id='block_1_13' title="bbox 133 1178 667 1319">
    <p class='ocr_par' dir='ltr' id='par_1_13' title="bbox 133 1178 667 1319">
     <span class='ocr_line' id='line_1_23' title="bbox 133 1178 667 1220; baseline -0.002 -8"><span class='ocrx_word' id='word_1_78' title='bbox 133 1181 192 1212; x_wconf 82' lang='lat' dir='ltr'>4a.</span> <span class='ocrx_word' id='word_1_79' title='bbox 220 1178 275 1211; x_wconf 88' lang='lat' dir='ltr'>Sic</span> <span class='ocrx_word' id='word_1_80' title='bbox 298 1188 357 1211; x_wconf 87' lang='lat' dir='ltr'>nos</span> <span class='ocrx_word' id='word_1_81' title='bbox 383 1182 477 1219; x_wconf 77' lang='lat' dir='ltr'>potat</span> <span class='ocrx_word' id='word_1_82' title='bbox 501 1179 667 1220; x_wconf 85' lang='lat' dir='ltr'>sanguine,</span> 
     </span>
     <span class='ocr_line' id='line_1_24' title="bbox 219 1227 651 1268; baseline -0.002 -8"><span class='ocrx_word' id='word_1_83' title='bbox 219 1227 273 1260; x_wconf 87' lang='lat' dir='ltr'>Sic</span> <span class='ocrx_word' id='word_1_84' title='bbox 298 1236 356 1259; x_wconf 88' lang='lat' dir='ltr'>nos</span> <span class='ocrx_word' id='word_1_85' title='bbox 381 1227 490 1268; x_wconf 64' lang='lat' dir='ltr'>pascit&gt;</span> <span class='ocrx_word' id='word_1_86' title='bbox 515 1236 651 1268; x_wconf 87' lang='lat' dir='ltr'>corpore</span> 
     </span>
     <span class='ocr_line' id='line_1_25' title="bbox 267 1275 509 1319; baseline 0 -12"><span class='ocrx_word' id='word_1_87' title='bbox 267 1275 362 1308; x_wconf 83' lang='lat' dir='ltr'>Valle</span> <span class='ocrx_word' id='word_1_88' title='bbox 387 1279 509 1319; x_wconf 82' lang='lat' dir='ltr'>nostra,</span> 
     </span>
    </p>
   </div>
   <div class='ocr_carea' id='block_1_14' title="bbox 136 1333 635 1512">
    <p class='ocr_par' dir='ltr' id='par_1_14' title="bbox 136 1333 635 1512">
     <span class='ocr_line' id='line_1_26' title="bbox 136 1333 601 1373; baseline -0.004 -6"><span class='ocrx_word' id='word_1_89' title='bbox 136 1336 191 1367; x_wconf 84' lang='lat' dir='ltr'>5a.</span> <span class='ocrx_word' id='word_1_90' title='bbox 219 1333 266 1367; x_wconf 75' lang='lat' dir='ltr'>Ut</span> <span class='ocrx_word' id='word_1_91' title='bbox 287 1333 322 1365; x_wconf 90' lang='lat' dir='ltr'>in</span> <span class='ocrx_word' id='word_1_92' title='bbox 349 1342 450 1366; x_wconf 80' lang='lat' dir='ltr'>coena</span> <span class='ocrx_word' id='word_1_93' title='bbox 475 1333 601 1373; x_wconf 82' lang='lat' dir='ltr'>cecinit,</span> 
     </span>
     <span class='ocr_line' id='line_1_27' title="bbox 218 1381 635 1423; baseline -0.002 -9"><span class='ocrx_word' id='word_1_94' title='bbox 218 1381 319 1414; x_wconf 84' lang='lat' dir='ltr'>Fides</span> <span class='ocrx_word' id='word_1_95' title='bbox 343 1385 455 1415; x_wconf 84' lang='lat' dir='ltr'>nostra</span> <span class='ocrx_word' id='word_1_96' title='bbox 478 1382 635 1423; x_wconf 77' lang='lat' dir='ltr'>meminit,</span> 
     </span>
     <span class='ocr_line' id='line_1_28' title="bbox 223 1430 583 1463; baseline -0.003 0"><span class='ocrx_word' id='word_1_97' title='bbox 223 1430 350 1463; x_wconf 81' lang='lat' dir='ltr'>Judaea</span> <span class='ocrx_word' id='word_1_98' title='bbox 373 1439 438 1463; x_wconf 90' lang='lat' dir='ltr'>non</span> <span class='ocrx_word' id='word_1_99' title='bbox 466 1430 583 1463; x_wconf 83' lang='lat' dir='ltr'>desinit</span> 
     </span>
     <span class='ocr_line' id='line_1_29' title="bbox 267 1479 482 1512; baseline 0.009 -2"><span class='ocrx_word' id='word_1_100' title='bbox 267 1479 352 1511; x_wconf 88' lang='lat' dir='ltr'>Esse</span> <span class='ocrx_word' id='word_1_101' title='bbox 376 1488 482 1512; x_wconf 83' lang='lat' dir='ltr'>caeca.</span> 
     </span>
    </p>
   </div>
   <div class='ocr_carea' id='block_1_15' title="bbox 136 1537 572 1716">
    <p class='ocr_par' dir='ltr' id='par_1_15' title="bbox 136 1537 553 1578">
     <span class='ocr_line' id='line_1_30' title="bbox 136 1537 553 1578; baseline -0.002 -8"><span class='ocrx_word' id='word_1_102' title='bbox 136 1537 193 1570; x_wconf 83' lang='lat' dir='ltr'>6a.</span> <span class='ocrx_word' id='word_1_103' title='bbox 221 1537 257 1570; x_wconf 86' lang='lat' dir='ltr'>Si</span> <span class='ocrx_word' id='word_1_104' title='bbox 283 1545 400 1577; x_wconf 83' lang='lat' dir='ltr'>corpus</span> <span class='ocrx_word' id='word_1_105' title='bbox 426 1537 553 1578; x_wconf 85' lang='lat' dir='ltr'>insigne</span> 
     </span>
    </p>

    <p class='ocr_par' dir='ltr' id='par_1_16' title="bbox 221 1584 572 1627">
     <span class='ocr_line' id='line_1_31' title="bbox 221 1584 572 1627; baseline 0 -9"><span class='ocrx_word' id='word_1_106' title='bbox 221 1584 403 1626; x_wconf 86' lang='lat' dir='ltr'>Sumpseris</span> <span class='ocrx_word' id='word_1_107' title='bbox 429 1586 572 1627; x_wconf 87' lang='lat' dir='ltr'>indigne,</span> 
     </span>
    </p>

    <p class='ocr_par' dir='ltr' id='par_1_17' title="bbox 220 1634 555 1716">
     <span class='ocr_line' id='line_1_32' title="bbox 220 1634 555 1676; baseline 0 -10"><span class='ocrx_word' id='word_1_108' title='bbox 220 1634 267 1666; x_wconf 87' lang='lat' dir='ltr'>Te</span> <span class='ocrx_word' id='word_1_109' title='bbox 291 1634 386 1674; x_wconf 86' lang='lat' dir='ltr'>ponis</span> <span class='ocrx_word' id='word_1_110' title='bbox 411 1634 446 1666; x_wconf 90' lang='lat' dir='ltr'>in</span> <span class='ocrx_word' id='word_1_111' title='bbox 470 1634 555 1676; x_wconf 85' lang='lat' dir='ltr'>igne,</span> 
     </span>
     <span class='ocr_line' id='line_1_33' title="bbox 268 1682 510 1716; baseline 0.004 -1"><span class='ocrx_word' id='word_1_112' title='bbox 268 1682 355 1715; x_wconf 82' lang='lat' dir='ltr'>Gens</span> <span class='ocrx_word' id='word_1_113' title='bbox 381 1683 510 1716; x_wconf 87' lang='lat' dir='ltr'>misera.</span> 
     </span>
    </p>
   </div>
   <div class='ocr_carea' id='block_1_16' title="bbox 839 713 1429 851">
    <p class='ocr_par' dir='ltr' id='par_1_18' title="bbox 839 713 1429 851">
     <span class='ocr_line' id='line_1_34' title="bbox 839 713 1192 753; baseline -0.006 -6"><span class='ocrx_word' id='word_1_114' title='bbox 839 714 896 747; x_wconf 82' lang='lat' dir='ltr'>lb.</span> <span class='ocrx_word' id='word_1_115' title='bbox 917 713 977 753; x_wconf 76' lang='lat' dir='ltr'>Qui</span> <span class='ocrx_word' id='word_1_116' title='bbox 1002 713 1192 745; x_wconf 86' lang='lat' dir='ltr'>immensam</span> 
     </span>
     <span class='ocr_line' id='line_1_35' title="bbox 921 761 1429 802; baseline -0.004 -8"><span class='ocrx_word' id='word_1_117' title='bbox 921 761 1135 802; x_wconf 76' lang='lat' dir='ltr'>Praeparavit</span> <span class='ocrx_word' id='word_1_118' title='bbox 1155 761 1250 794; x_wconf 88' lang='lat' dir='ltr'>nobis</span> <span class='ocrx_word' id='word_1_119' title='bbox 1274 769 1429 801; x_wconf 82' lang='lat' dir='ltr'>mensam,</span> 
     </span>
     <span class='ocr_line' id='line_1_36' title="bbox 969 810 1221 851; baseline -0.004 -8"><span class='ocrx_word' id='word_1_120' title='bbox 969 810 1035 843; x_wconf 87' lang='lat' dir='ltr'>Res</span> <span class='ocrx_word' id='word_1_121' title='bbox 1061 810 1221 851; x_wconf 82' lang='lat' dir='ltr'>miranda,</span> 
     </span>
    </p>
   </div>
   <div class='ocr_carea' id='block_1_17' title="bbox 837 868 1322 1007">
    <p class='ocr_par' dir='ltr' id='par_1_19' title="bbox 837 868 1322 1007">
     <span class='ocr_line' id='line_1_37' title="bbox 837 868 1322 909; baseline -0.006 -7"><span class='ocrx_word' id='word_1_122' title='bbox 837 868 900 902; x_wconf 72' lang='lat'>210.</span> <span class='ocrx_word' id='word_1_123' title='bbox 925 869 1024 901; x_wconf 83' lang='lat' dir='ltr'>Panis</span> <span class='ocrx_word' id='word_1_124' title='bbox 1052 877 1148 901; x_wconf 83' lang='lat' dir='ltr'>carne</span> <span class='ocrx_word' id='word_1_125' title='bbox 1173 868 1322 909; x_wconf 77' lang='lat' dir='ltr'>vertitur,</span> 
     </span>
     <span class='ocr_line' id='line_1_38' title="bbox 921 917 1300 958; baseline -0.005 -8"><span class='ocrx_word' id='word_1_126' title='bbox 921 917 970 951; x_wconf 76' lang='lat' dir='ltr'>Ut</span> <span class='ocrx_word' id='word_1_127' title='bbox 994 918 1028 949; x_wconf 89' lang='lat' dir='ltr'>in</span> <span class='ocrx_word' id='word_1_128' title='bbox 1054 917 1155 950; x_wconf 82' lang='lat' dir='ltr'>sacris</span> <span class='ocrx_word' id='word_1_129' title='bbox 1180 917 1300 958; x_wconf 82' lang='lat' dir='ltr'>iegitur</span> 
     </span>
     <span class='ocr_line' id='line_1_39' title="bbox 973 965 1184 1007; baseline 0 -9"><span class='ocrx_word' id='word_1_130' title='bbox 973 965 1059 998; x_wconf 88' lang='lat' dir='ltr'>Voce</span> <span class='ocrx_word' id='word_1_131' title='bbox 1085 966 1184 1007; x_wconf 83' lang='lat' dir='ltr'>clara,</span> 
     </span>
    </p>
   </div>
   <div class='ocr_carea' id='block_1_18' title="bbox 838 1023 1400 1161">
    <p class='ocr_par' dir='ltr' id='par_1_20' title="bbox 838 1023 1400 1161">
     <span class='ocr_line' id='line_1_40' title="bbox 838 1023 1400 1064; baseline -0.004 -6"><span class='ocrx_word' id='word_1_132' title='bbox 838 1023 898 1058; x_wconf 72' lang='lat'><strong>31).</strong></span> <span class='ocrx_word' id='word_1_133' title='bbox 922 1023 993 1055; x_wconf 87' lang='lat' dir='ltr'>Nec</span> <span class='ocrx_word' id='word_1_134' title='bbox 1017 1023 1148 1064; x_wconf 83' lang='lat' dir='ltr'>sanguis</span> <span class='ocrx_word' id='word_1_135' title='bbox 1173 1024 1207 1055; x_wconf 91' lang='lat' dir='ltr'>in</span> <span class='ocrx_word' id='word_1_136' title='bbox 1233 1023 1400 1064; x_wconf 87' lang='lat' dir='ltr'>sumendo,</span> 
     </span>
     <span class='ocr_line' id='line_1_41' title="bbox 924 1072 1338 1105; baseline 0.002 -1"><span class='ocrx_word' id='word_1_137' title='bbox 924 1072 1008 1105; x_wconf 87' lang='lat' dir='ltr'>Caro</span> <span class='ocrx_word' id='word_1_138' title='bbox 1032 1080 1094 1104; x_wconf 90' lang='lat' dir='ltr'>nec</span> <span class='ocrx_word' id='word_1_139' title='bbox 1118 1072 1152 1104; x_wconf 92' lang='lat' dir='ltr'>in</span> <span class='ocrx_word' id='word_1_140' title='bbox 1178 1072 1338 1105; x_wconf 84' lang='lat' dir='ltr'>vescendo</span> 
     </span>
     <span class='ocr_line' id='line_1_42' title="bbox 968 1121 1214 1161; baseline 0 -7"><span class='ocrx_word' id='word_1_141' title='bbox 968 1121 1027 1154; x_wconf 77' lang='lat' dir='ltr'>Fit</span> <span class='ocrx_word' id='word_1_142' title='bbox 1052 1125 1214 1161; x_wconf 80' lang='lat' dir='ltr'>corrupta.</span> 
     </span>
    </p>
   </div>
   <div class='ocr_carea' id='block_1_19' title="bbox 837 1177 1298 1316">
    <p class='ocr_par' dir='ltr' id='par_1_21' title="bbox 837 1177 1298 1316">
     <span class='ocr_line' id='line_1_43' title="bbox 837 1177 1298 1219; baseline -0.002 -7"><span class='ocrx_word' id='word_1_143' title='bbox 837 1179 897 1212; x_wconf 72' lang='lat'>412.</span> <span class='ocrx_word' id='word_1_144' title='bbox 923 1178 978 1211; x_wconf 85' lang='lat' dir='ltr'>Sic</span> <span class='ocrx_word' id='word_1_145' title='bbox 1002 1187 1061 1211; x_wconf 87' lang='lat' dir='ltr'>nos</span> <span class='ocrx_word' id='word_1_146' title='bbox 1087 1181 1167 1219; x_wconf 82' lang='lat' dir='ltr'>potu</span> <span class='ocrx_word' id='word_1_147' title='bbox 1191 1177 1298 1211; x_wconf 80' lang='lat' dir='ltr'>reficit</span> 
     </span>
     <span class='ocr_line' id='line_1_44' title="bbox 918 1225 1266 1267; baseline -0.003 -8"><span class='ocrx_word' id='word_1_148' title='bbox 918 1228 970 1259; x_wconf 88' lang='lat' dir='ltr'>Ac</span> <span class='ocrx_word' id='word_1_149' title='bbox 993 1227 1137 1267; x_wconf 84' lang='lat' dir='ltr'>repletos</span> <span class='ocrx_word' id='word_1_150' title='bbox 1165 1225 1266 1259; x_wconf 77' lang='lat' dir='ltr'>efficit</span> 
     </span>
     <span class='ocr_line' id='line_1_45' title="bbox 972 1274 1241 1316; baseline 0.004 -8"><span class='ocrx_word' id='word_1_151' title='bbox 972 1274 1077 1308; x_wconf 85' lang='lat' dir='ltr'>Carne</span> <span class='ocrx_word' id='word_1_152' title='bbox 1102 1278 1241 1316; x_wconf 78' lang='lat' dir='ltr'>sumpta.</span> 
     </span>
    </p>
   </div>
   <div class='ocr_carea' id='block_1_20' title="bbox 839 1332 1328 1519">
    <p class='ocr_par' dir='ltr' id='par_1_22' title="bbox 839 1332 1328 1519">
     <span class='ocr_line' id='line_1_46' title="bbox 839 1332 1282 1375; baseline -0.005 -8"><span class='ocrx_word' id='word_1_153' title='bbox 839 1333 898 1367; x_wconf 88' lang='lat' dir='ltr'>5b.</span> <span class='ocrx_word' id='word_1_154' title='bbox 923 1333 991 1373; x_wconf 74' lang='lat' dir='ltr'>Quo</span> <span class='ocrx_word' id='word_1_155' title='bbox 1016 1337 1135 1366; x_wconf 76' lang='lat' dir='ltr'>natura</span> <span class='ocrx_word' id='word_1_156' title='bbox 1161 1332 1282 1375; x_wconf 73' lang='lat' dir='ltr'>deficit,</span> 
     </span>
     <span class='ocr_line' id='line_1_47' title="bbox 922 1380 1293 1423; baseline 0 -9"><span class='ocrx_word' id='word_1_157' title='bbox 922 1382 1034 1414; x_wconf 79' lang='lat' dir='ltr'>Virtus</span> <span class='ocrx_word' id='word_1_158' title='bbox 1060 1381 1153 1414; x_wconf 85' lang='lat' dir='ltr'>verbi</span> <span class='ocrx_word' id='word_1_159' title='bbox 1177 1380 1293 1423; x_wconf 72' lang='lat' dir='ltr'>reficit,</span> 
     </span>
     <span class='ocr_line' id='line_1_48' title="bbox 922 1429 1328 1471; baseline 0.002 -9"><span class='ocrx_word' id='word_1_160' title='bbox 922 1430 1010 1470; x_wconf 79' lang='lat' dir='ltr'>Quae</span> <span class='ocrx_word' id='word_1_161' title='bbox 1034 1429 1173 1471; x_wconf 86' lang='lat' dir='ltr'>benigne</span> <span class='ocrx_word' id='word_1_162' title='bbox 1197 1429 1328 1471; x_wconf 78' lang='lat' dir='ltr'>perficit</span> 
     </span>
     <span class='ocr_line' id='line_1_49' title="bbox 969 1478 1265 1519; baseline 0.003 -8"><span class='ocrx_word' id='word_1_163' title='bbox 969 1478 1060 1511; x_wconf 87' lang='lat' dir='ltr'>Haec</span> <span class='ocrx_word' id='word_1_164' title='bbox 1084 1479 1265 1519; x_wconf 82' lang='lat' dir='ltr'>praedicta.</span> 
     </span>
    </p>
   </div>
   <div class='ocr_carea' id='block_1_21' title="bbox 838 1535 1301 1724">
    <p class='ocr_par' dir='ltr' id='par_1_23' title="bbox 838 1535 1301 1724">
     <span class='ocr_line' id='line_1_50' title="bbox 838 1535 1215 1580; baseline -0.005 -9"><span class='ocrx_word' id='word_1_165' title='bbox 838 1537 896 1571; x_wconf 71' lang='lat'>612.</span> <span class='ocrx_word' id='word_1_166' title='bbox 920 1535 1030 1580; x_wconf 83' lang='lat' dir='ltr'>Pater,</span> <span class='ocrx_word' id='word_1_167' title='bbox 1058 1537 1215 1579; x_wconf 84' lang='lat' dir='ltr'>accelera,</span> 
     </span>
     <span class='ocr_line' id='line_1_51' title="bbox 920 1584 1178 1627; baseline -0.004 -8"><span class='ocrx_word' id='word_1_168' title='bbox 920 1587 974 1619; x_wconf 80' lang='lat' dir='ltr'>Da</span> <span class='ocrx_word' id='word_1_169' title='bbox 998 1584 1178 1627; x_wconf 79' lang='lat' dir='ltr'>salutifera,</span> 
     </span>
     <span class='ocr_line' id='line_1_52' title="bbox 920 1634 1301 1676; baseline 0 -9"><span class='ocrx_word' id='word_1_170' title='bbox 920 1634 1042 1676; x_wconf 82' lang='lat' dir='ltr'>Jesum,</span> <span class='ocrx_word' id='word_1_171' title='bbox 1070 1644 1164 1676; x_wconf 90' lang='lat' dir='ltr'>quem</span> <span class='ocrx_word' id='word_1_172' title='bbox 1190 1635 1301 1676; x_wconf 81' lang='lat' dir='ltr'>genuit</span> 
     </span>
     <span class='ocr_line' id='line_1_53' title="bbox 970 1692 1142 1724; baseline 0.012 -9"><span class='ocrx_word' id='word_1_173' title='bbox 970 1692 1142 1724; x_wconf 80' lang='lat' dir='ltr'>puerpera.</span> 
     </span>
    </p>
   </div>
   <div class='ocr_carea' id='block_1_22' title="bbox 209 1757 1482 1789">
    <p class='ocr_par' dir='ltr' id='par_1_24' title="bbox 209 1757 1482 1789">
     <span class='ocr_line' id='line_1_54' title="bbox 209 1757 1482 1789; baseline 0.001 -3"><span class='ocrx_word' id='word_1_174' title='bbox 209 1760 295 1787; x_wconf 79' lang='lat' dir='ltr'>Miss.</span> <span class='ocrx_word' id='word_1_175' title='bbox 321 1768 375 1787; x_wconf 91' lang='lat' dir='ltr'>ms.</span> <span class='ocrx_word' id='word_1_176' title='bbox 402 1760 582 1788; x_wconf 74' lang='lat' dir='ltr'>Pictavense</span> <span class='ocrx_word' id='word_1_177' title='bbox 607 1768 684 1788; x_wconf 82' lang='lat' dir='ltr'>saec.</span> <span class='ocrx_word' id='word_1_178' title='bbox 712 1758 747 1789; x_wconf 88' lang='grc'>15</span> <span class='ocrx_word' id='word_1_179' title='bbox 773 1760 813 1787; x_wconf 91' lang='lat' dir='ltr'>in.</span> <span class='ocrx_word' id='word_1_180' title='bbox 837 1759 907 1788; x_wconf 81' lang='lat' dir='ltr'>Cod.</span> <span class='ocrx_word' id='word_1_181' title='bbox 929 1760 1101 1788; x_wconf 78' lang='lat' dir='ltr'>Pictavens.</span> <span class='ocrx_word' id='word_1_182' title='bbox 1125 1757 1174 1788; x_wconf 80' lang='lat'>43.</span> <span class='ocrx_word' id='word_1_183' title='bbox 1195 1776 1234 1780; x_wconf 90' lang='lat'>—</span> <span class='ocrx_word' id='word_1_184' title='bbox 1254 1759 1342 1788; x_wconf 80' lang='lat' dir='ltr'>Mel.:</span> <span class='ocrx_word' id='word_1_185' title='bbox 1373 1759 1482 1787; x_wconf 80' lang='lat' dir='ltr'>Laeta-</span> 
     </span>
    </p>
   </div>
   <div class='ocr_carea' id='block_1_23' title="bbox 132 1798 260 1826">
    <p class='ocr_par' dir='ltr' id='par_1_25' title="bbox 132 1798 260 1826">
     <span class='ocr_line' id='line_1_55' title="bbox 132 1798 260 1826; baseline 0 -1"><span class='ocrx_word' id='word_1_186' title='bbox 132 1798 260 1826; x_wconf 80' lang='lat' dir='ltr'>bandus.</span> 
     </span>
    </p>
   </div>
   <div class='ocr_carea' id='block_1_24' title="bbox 590 1903 1022 1945">
    <p class='ocr_par' dir='ltr' id='par_1_26' title="bbox 590 1903 1022 1945">
     <span class='ocr_line' id='line_1_56' title="bbox 590 1903 1022 1945; baseline -0.002 -10"><span class='ocrx_word' id='word_1_187' title='bbox 590 1903 631 1935; x_wconf 83' lang='lat'>51.</span> <span class='ocrx_word' id='word_1_188' title='bbox 672 1904 716 1936; x_wconf 88' lang='lat' dir='ltr'>De</span> <span class='ocrx_word' id='word_1_189' title='bbox 738 1903 873 1945; x_wconf 81' lang='lat' dir='ltr'>Corpore</span> <span class='ocrx_word' id='word_1_190' title='bbox 895 1903 1022 1936; x_wconf 79' lang='lat' dir='ltr'>Christi.</span> 
     </span>
    </p>
   </div>
   <div class='ocr_carea' id='block_1_25' title="bbox 138 1983 454 2017">
    <p class='ocr_par' dir='ltr' id='par_1_27' title="bbox 138 1983 454 2017">
     <span class='ocr_line' id='line_1_57' title="bbox 138 1983 454 2017; baseline -0.003 0"><span class='ocrx_word' id='word_1_191' title='bbox 138 1984 156 2017; x_wconf 89' lang='lat'>1</span> <span class='ocrx_word' id='word_1_192' title='bbox 166 1992 195 2015; x_wconf 87' lang='lat' dir='ltr'>a.</span> <span class='ocrx_word' id='word_1_193' title='bbox 221 1983 454 2017; x_wconf 79' lang='lat' dir='ltr'>Laetabundus</span> 
     </span>
    </p>
   </div>
   <div class='ocr_carea' id='block_1_26' title="bbox 219 2031 676 2121">
    <p class='ocr_par' dir='ltr' id='par_1_28' title="bbox 219 2031 676 2121">
     <span class='ocr_line' id='line_1_58' title="bbox 219 2031 676 2074; baseline 0.004 -11"><span class='ocrx_word' id='word_1_194' title='bbox 219 2031 383 2064; x_wconf 79' lang='lat' dir='ltr'>Decantet</span> <span class='ocrx_word' id='word_1_195' title='bbox 406 2033 502 2066; x_wconf 90' lang='lat' dir='ltr'>homo</span> <span class='ocrx_word' id='word_1_196' title='bbox 530 2034 570 2066; x_wconf 87' lang='lat' dir='ltr'>de</span> <span class='ocrx_word' id='word_1_197' title='bbox 575 2036 676 2074; x_wconf 85' lang='lat' dir='ltr'>votus,</span> 
     </span>
     <span class='ocr_line' id='line_1_59' title="bbox 258 2081 416 2121; baseline 0.006 -9"><span class='ocrx_word' id='word_1_198' title='bbox 258 2081 381 2121; x_wconf 87' lang='lat' dir='ltr'>Alleluj</span> <span class='ocrx_word' id='word_1_199' title='bbox 385 2090 416 2120; x_wconf 83' lang='lat' dir='ltr'>a,</span> 
     </span>
    </p>
   </div>
   <div class='ocr_carea' id='block_1_27' title="bbox 139 2148 609 2278">
    <p class='ocr_par' dir='ltr' id='par_1_29' title="bbox 139 2148 609 2278">
     <span class='ocr_line' id='line_1_60' title="bbox 139 2148 609 2181; baseline -0.002 -1"><span class='ocrx_word' id='word_1_200' title='bbox 139 2149 196 2181; x_wconf 79' lang='lat' dir='ltr'>2a.</span> <span class='ocrx_word' id='word_1_201' title='bbox 225 2148 279 2181; x_wconf 88' lang='lat' dir='ltr'>Sic</span> <span class='ocrx_word' id='word_1_202' title='bbox 303 2149 479 2181; x_wconf 80' lang='lat' dir='ltr'>clementer</span> <span class='ocrx_word' id='word_1_203' title='bbox 504 2148 609 2181; x_wconf 77' lang='lat' dir='ltr'>allicit</span> 
     </span>
     <span class='ocr_line' id='line_1_61' title="bbox 222 2195 606 2239; baseline -0.003 -11"><span class='ocrx_word' id='word_1_204' title='bbox 222 2196 267 2229; x_wconf 76' lang='lat' dir='ltr'>Et</span> <span class='ocrx_word' id='word_1_205' title='bbox 290 2200 383 2230; x_wconf 78' lang='lat' dir='ltr'>natos</span> <span class='ocrx_word' id='word_1_206' title='bbox 409 2206 467 2230; x_wconf 88' lang='lat' dir='ltr'>nos</span> <span class='ocrx_word' id='word_1_207' title='bbox 492 2195 606 2239; x_wconf 77' lang='lat' dir='ltr'>reficit,</span> 
     </span>
     <span class='ocr_line' id='line_1_62' title="bbox 272 2244 524 2278; baseline 0.004 -1"><span class='ocrx_word' id='word_1_208' title='bbox 272 2244 328 2277; x_wconf 88' lang='lat' dir='ltr'>Sol</span> <span class='ocrx_word' id='word_1_209' title='bbox 353 2246 394 2278; x_wconf 89' lang='lat' dir='ltr'>de</span> <span class='ocrx_word' id='word_1_210' title='bbox 419 2246 524 2278; x_wconf 84' lang='lat' dir='ltr'>stella.</span> 
     </span>
    </p>
   </div>
   <div class='ocr_carea' id='block_1_28' title="bbox 141 2313 702 2443">
    <p class='ocr_par' dir='ltr' id='par_1_30' title="bbox 141 2313 702 2443">
     <span class='ocr_line' id='line_1_63' title="bbox 141 2313 702 2354; baseline -0.004 -9"><span class='ocrx_word' id='word_1_211' title='bbox 141 2313 198 2345; x_wconf 81' lang='lat' dir='ltr'>3a.</span> <span class='ocrx_word' id='word_1_212' title='bbox 225 2313 289 2345; x_wconf 87' lang='lat' dir='ltr'>Per</span> <span class='ocrx_word' id='word_1_213' title='bbox 313 2313 399 2345; x_wconf 88' lang='lat' dir='ltr'>hunc</span> <span class='ocrx_word' id='word_1_214' title='bbox 425 2314 539 2354; x_wconf 77' lang='lat' dir='ltr'>culpae</span> <span class='ocrx_word' id='word_1_215' title='bbox 563 2315 702 2353; x_wconf 75' lang='lat' dir='ltr'>pereunt</span> 
     </span>
     <span class='ocr_line' id='line_1_64' title="bbox 225 2360 608 2394; baseline 0.003 -1"><span class='ocrx_word' id='word_1_216' title='bbox 225 2360 270 2393; x_wconf 76' lang='lat' dir='ltr'>Et</span> <span class='ocrx_word' id='word_1_217' title='bbox 293 2361 464 2394; x_wconf 79' lang='lat' dir='ltr'>daemones</span> <span class='ocrx_word' id='word_1_218' title='bbox 491 2364 608 2394; x_wconf 82' lang='lat' dir='ltr'>exeunt</span> 
     </span>
     <span class='ocr_line' id='line_1_65' title="bbox 276 2408 493 2443; baseline 0.014 -3"><span class='ocrx_word' id='word_1_219' title='bbox 276 2408 353 2441; x_wconf 82' lang='lat' dir='ltr'>Pari</span> <span class='ocrx_word' id='word_1_220' title='bbox 378 2408 493 2443; x_wconf 84' lang='lat' dir='ltr'>forma.</span> 
     </span>
    </p>
   </div>
   <div class='ocr_carea' id='block_1_29' title="bbox 842 1985 1464 2117">
    <p class='ocr_par' dir='ltr' id='par_1_31' title="bbox 842 1985 1464 2117">
     <span class='ocr_line' id='line_1_66' title="bbox 842 1985 1199 2026; baseline -0.003 -8"><span class='ocrx_word' id='word_1_221' title='bbox 842 1985 899 2019; x_wconf 80' lang='lat' dir='ltr'>lb.</span> <span class='ocrx_word' id='word_1_222' title='bbox 923 1985 1047 2018; x_wconf 76' lang='lat' dir='ltr'>Christi</span> <span class='ocrx_word' id='word_1_223' title='bbox 1072 1993 1199 2026; x_wconf 86' lang='lat' dir='ltr'>corpus,</span> 
     </span>
     <span class='ocr_line' id='line_1_67' title="bbox 922 2033 1464 2077; baseline 0.007 -13"><span class='ocrx_word' id='word_1_224' title='bbox 922 2033 961 2065; x_wconf 88' lang='lat' dir='ltr'>In</span> <span class='ocrx_word' id='word_1_225' title='bbox 987 2033 1074 2073; x_wconf 89' lang='lat' dir='ltr'>quod</span> <span class='ocrx_word' id='word_1_226' title='bbox 1096 2034 1190 2073; x_wconf 84' lang='lat' dir='ltr'>panis</span> <span class='ocrx_word' id='word_1_227' title='bbox 1215 2034 1336 2067; x_wconf 73' lang='lat' dir='ltr'>transit</span> <span class='ocrx_word' id='word_1_228' title='bbox 1358 2037 1464 2077; x_wconf 69' lang='lat' dir='ltr'>totus,</span> 
     </span>
     <span class='ocr_line' id='line_1_68' title="bbox 972 2080 1221 2117; baseline 0.02 -5"><span class='ocrx_word' id='word_1_229' title='bbox 972 2080 1039 2113; x_wconf 84' lang='lat' dir='ltr'>Res</span> <span class='ocrx_word' id='word_1_230' title='bbox 1059 2081 1221 2117; x_wconf 80' lang='lat' dir='ltr'>miranda.</span> 
     </span>
    </p>
   </div>
   <div class='ocr_carea' id='block_1_30' title="bbox 842 2148 1354 2287">
    <p class='ocr_par' dir='ltr' id='par_1_32' title="bbox 842 2148 1354 2287">
     <span class='ocr_line' id='line_1_69' title="bbox 842 2148 1354 2194; baseline 0.006 -12"><span class='ocrx_word' id='word_1_231' title='bbox 842 2148 902 2182; x_wconf 83' lang='lat' dir='ltr'>2b.</span> <span class='ocrx_word' id='word_1_232' title='bbox 927 2148 1036 2183; x_wconf 84' lang='lat' dir='ltr'>Corda</span> <span class='ocrx_word' id='word_1_233' title='bbox 1061 2158 1189 2183; x_wconf 87' lang='lat' dir='ltr'>summe</span> <span class='ocrx_word' id='word_1_234' title='bbox 1214 2151 1354 2194; x_wconf 79' lang='lat' dir='ltr'>perficit,</span> 
     </span>
     <span class='ocr_line' id='line_1_70' title="bbox 927 2195 1287 2233; baseline 0.011 -4"><span class='ocrx_word' id='word_1_235' title='bbox 927 2195 1099 2231; x_wconf 76' lang='lat' dir='ltr'>confortat,</span> <span class='ocrx_word' id='word_1_236' title='bbox 1122 2202 1155 2231; x_wconf 73' lang='lat' dir='ltr'>et</span> <span class='ocrx_word' id='word_1_237' title='bbox 1179 2199 1287 2233; x_wconf 60' lang='lat' dir='ltr'>reficit}</span> 
     </span>
     <span class='ocr_line' id='line_1_71' title="bbox 975 2246 1234 2287; baseline 0.015 -9"><span class='ocrx_word' id='word_1_238' title='bbox 975 2246 1112 2287; x_wconf 86' lang='lat' dir='ltr'>Semper</span> <span class='ocrx_word' id='word_1_239' title='bbox 1137 2249 1234 2282; x_wconf 80' lang='lat' dir='ltr'>clara.</span> 
     </span>
    </p>
   </div>
   <div class='ocr_carea' id='block_1_31' title="bbox 841 2313 1391 2452">
    <p class='ocr_par' dir='ltr' id='par_1_33' title="bbox 841 2313 1391 2452">
     <span class='ocr_line' id='line_1_72' title="bbox 841 2313 1391 2357; baseline 0.007 -11"><span class='ocrx_word' id='word_1_240' title='bbox 841 2313 902 2347; x_wconf 83' lang='lat' dir='ltr'>3b.</span> <span class='ocrx_word' id='word_1_241' title='bbox 924 2314 1020 2348; x_wconf 75' lang='lat' dir='ltr'>Hanc</span> <span class='ocrx_word' id='word_1_242' title='bbox 1042 2315 1196 2351; x_wconf 82' lang='lat' dir='ltr'>virtutem</span> <span class='ocrx_word' id='word_1_243' title='bbox 1224 2321 1391 2357; x_wconf 78' lang='lat' dir='ltr'>nequeunt</span> 
     </span>
     <span class='ocr_line' id='line_1_73' title="bbox 925 2362 1362 2398; baseline 0.009 -4"><span class='ocrx_word' id='word_1_244' title='bbox 925 2362 1029 2395; x_wconf 85' lang='lat' dir='ltr'>Ferre</span> <span class='ocrx_word' id='word_1_245' title='bbox 1054 2364 1114 2396; x_wconf 90' lang='lat' dir='ltr'>sed</span> <span class='ocrx_word' id='word_1_246' title='bbox 1138 2373 1215 2396; x_wconf 81' lang='lat' dir='ltr'>mox</span> <span class='ocrx_word' id='word_1_247' title='bbox 1240 2364 1362 2398; x_wconf 78' lang='lat' dir='ltr'>abeunt</span> 
     </span>
     <span class='ocr_line' id='line_1_74' title="bbox 971 2411 1253 2452; baseline 0.011 -9"><span class='ocrx_word' id='word_1_248' title='bbox 971 2411 1064 2444; x_wconf 82' lang='lat' dir='ltr'>Haec</span> <span class='ocrx_word' id='word_1_249' title='bbox 1089 2414 1253 2452; x_wconf 77' lang='lat' dir='ltr'>corrupta.</span> 
     </span>
    </p>
   </div>
  </div>
 </body>
</html>
