1652 2678
742 64 1009 101 -152-2

233 165 290 198 9a.
317 163 442 197 Psallat
469 173 544 206 ergo
569 164 704 206 puerilis

364 214 502 254 martyri
520 213 656 253 laetitia,

930 164 989 197 9b.
1013 161 1113 201 Quem
1138 169 1203 193 non
1227 160 1313 192 bene
1335 159 1469 201 puerilis

1061 208 1178 242 libavit
1202 208 1348 241 saevitia.

210 270 290 304 loa.
319 269 397 304 Cum
423 280 486 311 quo
510 271 631 312 gaudet
649 272 682 301 et
697 268 846 310 trophaei
906 267 990 303 lob.
1011 267 1076 299 Pro
1101 275 1213 299 amara
1236 266 1388 308 passione

314 318 360 351 Et
385 318 480 359 hujus
506 317 610 351 festae
636 318 701 350 diei

365 367 566 409 Hippolytus
592 365 720 407 gaudia,

209 425 292 459 lla.
319 425 472 466 Jaspides
503 424 565 457 duo
590 424 746 455 micantes

367 473 431 506 Die
454 472 560 513 juncti
585 471 711 512 superis

408 520 588 560 Hodierna,

205 580 288 613 12a.
314 579 500 619 Adjuvante
524 576 668 618 generali

360 629 545 659 sanctorm
570 624 754 667 frequentia

1012 314 1133 348 Laetus
1161 315 1250 348 clara
1273 315 1439 347 mansione

1059 362 1101 396 In
1127 364 1261 396 coelesti
1284 364 1385 405 regia.

904 421 987 456 11b.
1010 421 1079 454 Nos
1105 420 1197 454 vobis
1222 421 1470 455 solemnizantes

1059 469 1162 502 Ferte
1185 479 1319 510 precum
1342 470 1486 503 humeris

1106 518 1145 551 In
1170 527 1321 559 superna.

902 576 987 610 121³.
1006 575 1054 609 Et
1076 579 1267 617 praestante
1290 585 1368 618 rege
1392 585 1515 618 regum,

1059 624 1110 657 cui
1135 624 1206 657 laus
1234 628 1266 658 et
1290 625 1404 666 gloria.

280 713 400 741 Prosar.
419 721 475 740 ms.
488 712 690 741 Laudunense
708 719 786 740 saec.
806 709 852 739 12.
868 709 941 740 0011.
954 711 1146 740 Laudunens.
1160 710 1227 741 263.
1244 727 1282 733 --
1296 712 1383 741 Mela
1404 712 1542 749 Gongau-

202 752 308 780 dentes·
330 751 520 780 exsultemus.

641 903 705 935 199.
746 902 789 934 De
809 901 922 934 saneta
943 902 1067 934 Gilinia.

206 987 260 1020 la.
290 984 439 1018 Gaudeat
463 987 496 1017 et
516 984 634 1025 jubilet

284 1032 392 1066 fidelis
419 1033 565 1074 ecclesia,

202 1094 261 1126 Za.
286 1091 367 1123 Dies
392 1093 441 1123 est
465 1094 603 1132 sacrata,

290 1149 353 1180 qua
379 1139 467 1172 subit
493 1140 654 1173 coelorum

287 1188 411 1228 palatia

204 1248 261 1281 3a.
289 1245 389 1279 Sacer
412 1248 503 1279 vates
527 1246 702 1279 Montanus

290 1295 416 1327 audivit
440 1297 567 1327 secreta

289 1342 451 1386 coelestia,

204 1403 263 1435 4a.
291 1400 362 1433 Nec
385 1410 486 1442 mora,
512 1402 650 1443 nuntiat,

291 1450 396 1490 qualis
421 1448 522 1482 fuerit
545 1450 715 1493 sententia,

288 1497 424 1531 Dicens:
450 1499 559 1539 paries

286 1545 398 1588 filium,
425 1547 475 1579 cui
500 1547 589 1580 Deus
615 1555 710 1580 sacra

287 1596 464 1628 committet

286 1643 394 1684 plebis
419 1643 585 1685 regimina.

206 1705 264 1737 Sa.
291 1702 318 1735 O
345 1705 464 1744 quanta
488 1711 703 1743 supernorum

287 1750 406 1784 civium
435 1760 514 1784 cura

288 1800 432 1833 creditur
458 1800 500 1833 de
524 1800 629 1832 salute
654 1802 776 1842 nostra,

205 1860 261 1894 6a.
287 1858 393 1900 Igitur
417 1859 633 1900 germinantia

289 1909 397 1939 terrae
422 1910 538 1940 cuncta

286 1955 483 1988 benedicant
506 1965 587 1989 voce
610 1966 695 1998 pura

287 2006 320 2035 et
345 2004 531 2037 collaudent
555 2007 621 2046 tua,

284 2061 407 2085 summe
429 2053 529 2098 Deus,
556 2062 666 2094 opera.

205 2111 261 2144 va.
288 2110 396 2143 Verae
420 2109 498 2143 fidei
522 2115 726 2144 sacramenta

287 2161 336 2190 est
360 2162 518 2201 assecuta,

203 2218 263 2250 Sa.
287 2213 371 2250 1de0
396 2220 430 2250 te
454 2227 614 2259 rogamus,

283 2264 348 2297 Dei
372 2266 485 2307 electa,

902 983 960 1017 lb.
985 984 1205 1017 Solemnizans
1230 986 1363 1017 renovet

985 1032 1145 1066 hodierna
1168 1032 1296 1074 gaudia.

902 1090 962 1124 2b.
981 1090 1093 1124 Mater
1117 1090 1269 1133 gloriosa,

988 1140 1106 1172 devota
1131 1139 1271 1179 Christo,
1299 1143 1412 1171 sancta

901 1246 961 1281 3b.
985 1246 1077 1287 Quod
1101 1255 1162 1287 per
1188 1255 1259 1278 eam
1286 1245 1413 1278 Galliae

982 1298 1135 1336 parceret
1161 1294 1271 1328 divina

986 1344 1167 1376 clementia.

900 1401 960 1435 4b.
986 1402 1011 1436 O
1037 1401 1211 1434 benedicta

980 1450 1081 1483 talem
1104 1450 1272 1491 portantia
1294 1449 1432 1488 fimeta,

986 1499 1047 1539 Qui
1070 1500 1158 1531 lacte
1180 1498 1295 1531 matris

984 1556 1081 1580 manu
1106 1549 1236 1580 sacrata
1266 1555 1395 1579 caecum
1422 1549 1530 1580 vatem

985 1605 1169 1638 perungens

989 1644 1138 1678 reddidit
1160 1644 1292 1677 lumina.

903 1702 963 1736 5b.
985 1703 1073 1736 Nam
1096 1702 1250 1743 precibus
1272 1701 1407 1735 morum

987 1752 1044 1785 diu
1065 1751 1172 1784 sterili

986 1800 1170 1834 fecunditas
1196 1803 1247 1832 est
1270 1801 1436 1834 renovata.

904 1859 964 1894 6b.
986 1860 1040 1893 Ex
1066 1859 1158 1900 cujus
1182 1859 1359 1899 prudentia

987 1910 1037 1941 est
1063 1916 1216 1940 concessa

984 1956 1082 1990 matii
1108 1958 1241 1989 sanctae
1264 1957 1375 1997 proles
1397 1960 1523 1999 sancta,

988 2005 1078 2038 coelo
1105 2005 1213 2047 digna,
1243 2012 1305 2046 per
1330 2014 1427 2046 quam

984 2062 1063 2095 gens
1088 2053 1292 2086 Francorum
1316 2053 1432 2088 inclita

903 2111 963 2145 ¹7b.
988 2111 1036 2145 Ut
1057 2114 1222 2145 mereatur
1247 2113 1448 2154 sempiterna

990 2159 1074 2194 coeli
1097 2160 1226 2202 gaudia.

903 2218 962 2252 8b.
984 2219 1032 2253 Ut
1055 2221 1169 2253 nostra
1189 2228 1322 2253 excuses

988 2266 1109 2300 delicta
1137 2272 1193 2303 tua

717 2326 751 2360 9.
775 2324 880 2359 Prece
902 2324 1045 2366 benigna

775 2372 810 2405 in
836 2373 919 2406 coeli
946 2374 1047 2407 curia.
