<?xml version="1.0" encoding="UTF-8"?>
<!DOCTYPE html PUBLIC "-//W3C//DTD XHTML 1.0 Transitional//EN"
    "http://www.w3.org/TR/xhtml1/DTD/xhtml1-transitional.dtd">
<html xmlns="http://www.w3.org/1999/xhtml" xml:lang="en" lang="en">
 <head>
  <title>
</title>
<meta http-equiv="Content-Type" content="text/html;charset=utf-8" />
  <meta name='ocr-system' content='tesseract 3.04.00' />
  <meta name='ocr-capabilities' content='ocr_page ocr_carea ocr_par ocr_line ocrx_word'/>
</head>
<body>
  <div class='ocr_page' id='page_1' title='image "./analectahymnica10drevuoft_00124.png"; bbox 0 0 1652 2678; ppageno 0'>
   <div class='ocr_carea' id='block_1_1' title="bbox 194 194 675 424">
    <p class='ocr_par' dir='ltr' id='par_1_1' title="bbox 194 194 675 424">
     <span class='ocr_line' id='line_1_1' title="bbox 194 194 492 237; baseline 0.003 -10"><span class='ocrx_word' id='word_1_1' title='bbox 194 194 254 228; x_wconf 79' lang='lat' dir='ltr'>6a.</span> <span class='ocrx_word' id='word_1_2' title='bbox 281 194 356 227; x_wconf 86' lang='lat' dir='ltr'>Hoc</span> <span class='ocrx_word' id='word_1_3' title='bbox 380 195 492 237; x_wconf 85' lang='lat' dir='ltr'>utique</span> 
     </span>
     <span class='ocr_line' id='line_1_2' title="bbox 327 243 601 287; baseline 0.007 -11"><span class='ocrx_word' id='word_1_4' title='bbox 327 243 437 277; x_wconf 79' lang='lat' dir='ltr'>facere</span> <span class='ocrx_word' id='word_1_5' title='bbox 461 247 601 287; x_wconf 77' lang='lat' dir='ltr'>poterat,</span> 
     </span>
     <span class='ocr_line' id='line_1_3' title="bbox 278 291 426 325; baseline 0 -1"><span class='ocrx_word' id='word_1_6' title='bbox 278 291 371 325; x_wconf 86' lang='lat' dir='ltr'>Sicut</span> <span class='ocrx_word' id='word_1_7' title='bbox 395 292 426 324; x_wconf 93' lang='lat' dir='ltr'>ei</span> 
     </span>
     <span class='ocr_line' id='line_1_4' title="bbox 327 340 675 384; baseline 0.009 -12"><span class='ocrx_word' id='word_1_8' title='bbox 327 340 461 373; x_wconf 87' lang='lat' dir='ltr'>coelitus</span> <span class='ocrx_word' id='word_1_9' title='bbox 487 342 675 384; x_wconf 74' lang='lat' dir='ltr'>scripserat,</span> 
     </span>
     <span class='ocr_line' id='line_1_5' title="bbox 375 388 647 424; baseline 0.007 -2"><span class='ocrx_word' id='word_1_10' title='bbox 375 388 447 422; x_wconf 84' lang='lat' dir='ltr'>Rex</span> <span class='ocrx_word' id='word_1_11' title='bbox 474 390 647 424; x_wconf 88' lang='lat' dir='ltr'>coelorum.</span> 
     </span>
    </p>
   </div>
   <div class='ocr_carea' id='block_1_2' title="bbox 197 446 713 672">
    <p class='ocr_par' dir='ltr' id='par_1_2' title="bbox 197 446 713 672">
     <span class='ocr_line' id='line_1_6' title="bbox 197 446 585 490; baseline 0.008 -12"><span class='ocrx_word' id='word_1_12' title='bbox 197 446 253 478; x_wconf 83' lang='lat' dir='ltr'>7a.</span> <span class='ocrx_word' id='word_1_13' title='bbox 280 446 360 490; x_wconf 84' lang='lat' dir='ltr'>Nos,</span> <span class='ocrx_word' id='word_1_14' title='bbox 391 447 446 487; x_wconf 88' lang='lat' dir='ltr'>qui</span> <span class='ocrx_word' id='word_1_15' title='bbox 471 448 585 488; x_wconf 90' lang='lat' dir='ltr'>scripti</span> 
     </span>
     <span class='ocr_line' id='line_1_7' title="bbox 324 496 641 537; baseline 0.009 -11"><span class='ocrx_word' id='word_1_16' title='bbox 324 498 470 528; x_wconf 88' lang='lat' dir='ltr'>tenorem</span> <span class='ocrx_word' id='word_1_17' title='bbox 494 496 641 537; x_wconf 87' lang='lat' dir='ltr'>legimus,</span> 
     </span>
     <span class='ocr_line' id='line_1_8' title="bbox 275 542 576 585; baseline 0.007 -10"><span class='ocrx_word' id='word_1_18' title='bbox 275 542 350 575; x_wconf 89' lang='lat' dir='ltr'>Non</span> <span class='ocrx_word' id='word_1_19' title='bbox 380 543 422 576; x_wconf 84' lang='lat' dir='ltr'>ad</span> <span class='ocrx_word' id='word_1_20' title='bbox 449 547 576 585; x_wconf 89' lang='lat' dir='ltr'>tempus</span> 
     </span>
     <span class='ocr_line' id='line_1_9' title="bbox 324 591 713 624; baseline 0.003 -1"><span class='ocrx_word' id='word_1_21' title='bbox 324 591 388 624; x_wconf 88' lang='lat' dir='ltr'>hoc</span> <span class='ocrx_word' id='word_1_22' title='bbox 413 591 525 623; x_wconf 82' lang='lat' dir='ltr'>datum</span> <span class='ocrx_word' id='word_1_23' title='bbox 551 591 713 624; x_wconf 80' lang='lat' dir='ltr'>oredimus</span> 
     </span>
     <span class='ocr_line' id='line_1_10' title="bbox 373 638 637 672; baseline 0.008 -1"><span class='ocrx_word' id='word_1_24' title='bbox 373 638 438 671; x_wconf 85' lang='lat' dir='ltr'>Sed</span> <span class='ocrx_word' id='word_1_25' title='bbox 463 639 498 671; x_wconf 87' lang='lat' dir='ltr'>in</span> <span class='ocrx_word' id='word_1_26' title='bbox 522 648 637 672; x_wconf 84' lang='lat' dir='ltr'>aevum</span> 
     </span>
    </p>
   </div>
   <div class='ocr_carea' id='block_1_3' title="bbox 191 695 733 736">
    <p class='ocr_par' dir='ltr' id='par_1_3' title="bbox 191 695 733 736">
     <span class='ocr_line' id='line_1_11' title="bbox 191 695 733 736; baseline 0 -8"><span class='ocrx_word' id='word_1_27' title='bbox 191 695 248 728; x_wconf 87' lang='lat' dir='ltr'>8a.</span> <span class='ocrx_word' id='word_1_28' title='bbox 277 695 337 727; x_wconf 87' lang='lat' dir='ltr'>Vir</span> <span class='ocrx_word' id='word_1_29' title='bbox 361 695 492 736; x_wconf 86' lang='lat' dir='ltr'>Aegidi,</span> <span class='ocrx_word' id='word_1_30' title='bbox 519 699 552 728; x_wconf 93' lang='lat' dir='ltr'>te</span> <span class='ocrx_word' id='word_1_31' title='bbox 577 697 733 736; x_wconf 83' lang='lat' dir='ltr'>respexit,</span> 
     </span>
    </p>
   </div>
   <div class='ocr_carea' id='block_1_4' title="bbox 273 742 716 833">
    <p class='ocr_par' dir='ltr' id='par_1_4' title="bbox 273 742 716 833">
     <span class='ocr_line' id='line_1_12' title="bbox 273 742 716 785; baseline 0.002 -9"><span class='ocrx_word' id='word_1_32' title='bbox 273 742 320 776; x_wconf 94' lang='lat' dir='ltr'>Ut</span> <span class='ocrx_word' id='word_1_33' title='bbox 344 743 513 785; x_wconf 85' lang='lat' dir='ltr'>sentimus,</span> <span class='ocrx_word' id='word_1_34' title='bbox 541 747 574 776; x_wconf 89' lang='lat' dir='ltr'>et</span> <span class='ocrx_word' id='word_1_35' title='bbox 600 744 716 778; x_wconf 79' lang='lat' dir='ltr'>dilexit</span> 
     </span>
     <span class='ocr_line' id='line_1_13' title="bbox 322 791 664 833; baseline 0.003 -9"><span class='ocrx_word' id='word_1_36' title='bbox 322 791 481 824; x_wconf 86' lang='lat' dir='ltr'>Dominus</span> <span class='ocrx_word' id='word_1_37' title='bbox 507 802 527 825; x_wconf 86' lang='lat' dir='ltr'>a</span> <span class='ocrx_word' id='word_1_38' title='bbox 551 802 664 833; x_wconf 85' lang='lat' dir='ltr'>puer0,</span> 
     </span>
    </p>
   </div>
   <div class='ocr_carea' id='block_1_5' title="bbox 191 848 685 891">
    <p class='ocr_par' dir='ltr' id='par_1_5' title="bbox 191 848 685 891">
     <span class='ocr_line' id='line_1_14' title="bbox 191 848 685 891; baseline 0.002 -9"><span class='ocrx_word' id='word_1_39' title='bbox 191 849 246 882; x_wconf 70' lang='lat'>921.</span> <span class='ocrx_word' id='word_1_40' title='bbox 275 848 477 882; x_wconf 81' lang='lat' dir='ltr'>Procurator</span> <span class='ocrx_word' id='word_1_41' title='bbox 503 859 685 891; x_wconf 87' lang='lat' dir='ltr'>egenorum,</span> 
     </span>
    </p>
   </div>
   <div class='ocr_carea' id='block_1_6' title="bbox 274 896 759 939">
    <p class='ocr_par' dir='ltr' id='par_1_6' title="bbox 274 896 759 939">
     <span class='ocr_line' id='line_1_15' title="bbox 274 896 759 939; baseline 0.004 -10"><span class='ocrx_word' id='word_1_42' title='bbox 274 896 376 929; x_wconf 84' lang='lat' dir='ltr'>Serve</span> <span class='ocrx_word' id='word_1_43' title='bbox 400 897 474 938; x_wconf 90' lang='lat' dir='ltr'>Dei,</span> <span class='ocrx_word' id='word_1_44' title='bbox 503 907 598 931; x_wconf 82' lang='lat' dir='ltr'>causa</span> <span class='ocrx_word' id='word_1_45' title='bbox 624 907 759 939; x_wconf 86' lang='lat' dir='ltr'>quorum</span> 
     </span>
    </p>
   </div>
   <div class='ocr_carea' id='block_1_7' title="bbox 323 945 715 988">
    <p class='ocr_par' dir='ltr' id='par_1_7' title="bbox 323 945 715 988">
     <span class='ocr_line' id='line_1_16' title="bbox 323 945 715 988; baseline 0.003 -11"><span class='ocrx_word' id='word_1_46' title='bbox 323 945 392 978; x_wconf 88' lang='lat' dir='ltr'>Ven</span> <span class='ocrx_word' id='word_1_47' title='bbox 398 945 447 978; x_wconf 84' lang='lat' dir='ltr'>dis</span> <span class='ocrx_word' id='word_1_48' title='bbox 473 947 715 988; x_wconf 81' lang='lat' dir='ltr'>patrimonium,</span> 
     </span>
    </p>
   </div>
   <div class='ocr_carea' id='block_1_8' title="bbox 163 1002 769 1085">
    <p class='ocr_par' dir='ltr' id='par_1_8' title="bbox 163 1002 769 1085">
     <span class='ocr_line' id='line_1_17' title="bbox 163 1002 769 1044; baseline 0 -7"><span class='ocrx_word' id='word_1_49' title='bbox 163 1002 244 1037; x_wconf 82' lang='lat' dir='ltr'>lOa.</span> <span class='ocrx_word' id='word_1_50' title='bbox 273 1002 353 1035; x_wconf 90' lang='lat' dir='ltr'>Viru</span> <span class='ocrx_word' id='word_1_51' title='bbox 378 1004 495 1043; x_wconf 83' lang='lat' dir='ltr'>laesos,</span> <span class='ocrx_word' id='word_1_52' title='bbox 522 1003 616 1037; x_wconf 84' lang='lat' dir='ltr'>febre</span> <span class='ocrx_word' id='word_1_53' title='bbox 640 1014 769 1044; x_wconf 87' lang='lat' dir='ltr'>pressos</span> 
     </span>
     <span class='ocr_line' id='line_1_18' title="bbox 270 1050 748 1085; baseline 0.004 -2"><span class='ocrx_word' id='word_1_54' title='bbox 270 1050 358 1083; x_wconf 85' lang='lat' dir='ltr'>Dum</span> <span class='ocrx_word' id='word_1_55' title='bbox 384 1060 514 1084; x_wconf 87' lang='lat' dir='ltr'>curares</span> <span class='ocrx_word' id='word_1_56' title='bbox 542 1055 575 1085; x_wconf 83' lang='lat' dir='ltr'>et</span> <span class='ocrx_word' id='word_1_57' title='bbox 599 1052 748 1085; x_wconf 87' lang='lat' dir='ltr'>obsessos</span> 
     </span>
    </p>
   </div>
   <div class='ocr_carea' id='block_1_9' title="bbox 320 1099 709 1141">
    <p class='ocr_par' dir='ltr' id='par_1_9' title="bbox 320 1099 709 1141">
     <span class='ocr_line' id='line_1_19' title="bbox 320 1099 709 1141; baseline 0.005 -10"><span class='ocrx_word' id='word_1_58' title='bbox 320 1101 352 1132; x_wconf 91' lang='lat' dir='ltr'><strong>A</strong></span> <span class='ocrx_word' id='word_1_59' title='bbox 379 1099 535 1132; x_wconf 86' lang='lat' dir='ltr'>daemone</span> <span class='ocrx_word' id='word_1_60' title='bbox 559 1101 709 1141; x_wconf 85' lang='lat' dir='ltr'>pessimo,</span> 
     </span>
    </p>
   </div>
   <div class='ocr_carea' id='block_1_10' title="bbox 164 1155 714 1294">
    <p class='ocr_par' dir='ltr' id='par_1_10' title="bbox 164 1155 714 1294">
     <span class='ocr_line' id='line_1_20' title="bbox 164 1155 708 1198; baseline 0 -8"><span class='ocrx_word' id='word_1_61' title='bbox 164 1156 204 1190; x_wconf 88' lang='lat'>11</span> <span class='ocrx_word' id='word_1_62' title='bbox 219 1165 248 1189; x_wconf 86' lang='lat' dir='ltr'>a.</span> <span class='ocrx_word' id='word_1_63' title='bbox 276 1157 326 1189; x_wconf 89' lang='lat' dir='ltr'>Tu</span> <span class='ocrx_word' id='word_1_64' title='bbox 352 1155 499 1189; x_wconf 87' lang='lat' dir='ltr'>defuncti</span> <span class='ocrx_word' id='word_1_65' title='bbox 525 1158 708 1198; x_wconf 83' lang='lat' dir='ltr'>suscitator,</span> 
     </span>
     <span class='ocr_line' id='line_1_21' title="bbox 272 1203 714 1238; baseline 0 -1"><span class='ocrx_word' id='word_1_66' title='bbox 272 1204 323 1237; x_wconf 88' lang='lat' dir='ltr'>Sis</span> <span class='ocrx_word' id='word_1_67' title='bbox 351 1203 506 1238; x_wconf 86' lang='lat' dir='ltr'>defensor</span> <span class='ocrx_word' id='word_1_68' title='bbox 531 1209 564 1237; x_wconf 88' lang='lat' dir='ltr'>et</span> <span class='ocrx_word' id='word_1_69' title='bbox 588 1209 714 1238; x_wconf 86' lang='lat' dir='ltr'>amator</span> 
     </span>
     <span class='ocr_line' id='line_1_22' title="bbox 318 1252 658 1294; baseline 0.003 -9"><span class='ocrx_word' id='word_1_70' title='bbox 318 1253 396 1286; x_wconf 87' lang='lat' dir='ltr'>Tibi</span> <span class='ocrx_word' id='word_1_71' title='bbox 421 1252 658 1294; x_wconf 72' lang='lat' dir='ltr'>famulantium,</span> 
     </span>
    </p>
   </div>
   <div class='ocr_carea' id='block_1_11' title="bbox 163 1311 626 1541">
    <p class='ocr_par' dir='ltr' id='par_1_11' title="bbox 163 1311 626 1541">
     <span class='ocr_line' id='line_1_23' title="bbox 163 1311 476 1350; baseline -0.006 -6"><span class='ocrx_word' id='word_1_72' title='bbox 163 1311 245 1345; x_wconf 80' lang='lat' dir='ltr'>12a.</span> <span class='ocrx_word' id='word_1_73' title='bbox 272 1311 333 1343; x_wconf 85' lang='lat' dir='ltr'>Vir</span> <span class='ocrx_word' id='word_1_74' title='bbox 358 1311 476 1350; x_wconf 84' lang='lat' dir='ltr'>regalis</span> 
     </span>
     <span class='ocr_line' id='line_1_24' title="bbox 319 1359 626 1400; baseline 0.003 -9"><span class='ocrx_word' id='word_1_75' title='bbox 319 1359 431 1391; x_wconf 88' lang='lat' dir='ltr'>vivens</span> <span class='ocrx_word' id='word_1_76' title='bbox 462 1359 626 1400; x_wconf 85' lang='lat' dir='ltr'>regaliter,</span> 
     </span>
     <span class='ocr_line' id='line_1_25' title="bbox 272 1407 466 1447; baseline -0.005 -8"><span class='ocrx_word' id='word_1_77' title='bbox 272 1407 333 1446; x_wconf 84' lang='lat' dir='ltr'>Qui</span> <span class='ocrx_word' id='word_1_78' title='bbox 363 1407 466 1447; x_wconf 81' lang='lat' dir='ltr'>regali</span> 
     </span>
     <span class='ocr_line' id='line_1_26' title="bbox 319 1456 613 1497; baseline 0 -10"><span class='ocrx_word' id='word_1_79' title='bbox 319 1456 422 1497; x_wconf 86' lang='lat' dir='ltr'>stirpe</span> <span class='ocrx_word' id='word_1_80' title='bbox 451 1456 613 1487; x_wconf 83' lang='lat' dir='ltr'>veraciter</span> 
     </span>
     <span class='ocr_line' id='line_1_27' title="bbox 366 1504 577 1541; baseline 0.005 -6"><span class='ocrx_word' id='word_1_81' title='bbox 366 1504 413 1536; x_wconf 87' lang='lat' dir='ltr'>Es</span> <span class='ocrx_word' id='word_1_82' title='bbox 440 1507 577 1541; x_wconf 84' lang='lat' dir='ltr'>creatus,</span> 
     </span>
    </p>
   </div>
   <div class='ocr_carea' id='block_1_12' title="bbox 807 101 975 137">
    <p class='ocr_par' dir='ltr' id='par_1_12' title="bbox 807 101 975 137">
     <span class='ocr_line' id='line_1_28' title="bbox 807 101 975 137; baseline -0.006 0"><span class='ocrx_word' id='word_1_83' title='bbox 807 101 876 137; x_wconf 84' lang='lat'>121</span> <span class='ocrx_word' id='word_1_84' title='bbox 927 122 975 126; x_wconf 93' lang='lat'>-—-</span> 
     </span>
    </p>
   </div>
   <div class='ocr_carea' id='block_1_13' title="bbox 894 199 1387 674">
    <p class='ocr_par' dir='ltr' id='par_1_13' title="bbox 894 199 1387 674">
     <span class='ocr_line' id='line_1_29' title="bbox 897 199 1187 242; baseline -0.01 -9"><span class='ocrx_word' id='word_1_85' title='bbox 897 199 956 234; x_wconf 84' lang='lat' dir='ltr'>6b.</span> <span class='ocrx_word' id='word_1_86' title='bbox 983 199 1123 242; x_wconf 85' lang='lat' dir='ltr'>Scripsit</span> <span class='ocrx_word' id='word_1_87' title='bbox 1148 200 1187 240; x_wconf 89' lang='lat' dir='ltr'>ei,</span> 
     </span>
     <span class='ocr_line' id='line_1_30' title="bbox 1026 247 1387 289; baseline -0.006 -8"><span class='ocrx_word' id='word_1_88' title='bbox 1026 247 1112 289; x_wconf 85' lang='lat' dir='ltr'>quod</span> <span class='ocrx_word' id='word_1_89' title='bbox 1139 248 1207 288; x_wconf 86' lang='lat' dir='ltr'>ejus</span> <span class='ocrx_word' id='word_1_90' title='bbox 1236 247 1387 288; x_wconf 77' lang='lat' dir='ltr'>precibus</span> 
     </span>
     <span class='ocr_line' id='line_1_31' title="bbox 980 296 1216 337; baseline -0.008 -8"><span class='ocrx_word' id='word_1_91' title='bbox 980 296 1022 329; x_wconf 88' lang='lat' dir='ltr'>Se</span> <span class='ocrx_word' id='word_1_92' title='bbox 1046 299 1216 337; x_wconf 83' lang='lat' dir='ltr'>precantes</span> 
     </span>
     <span class='ocr_line' id='line_1_32' title="bbox 1023 342 1370 377; baseline 0 -1"><span class='ocrx_word' id='word_1_93' title='bbox 1023 344 1196 377; x_wconf 87' lang='lat' dir='ltr'>mundaret</span> <span class='ocrx_word' id='word_1_94' title='bbox 1219 342 1370 376; x_wconf 76' lang='lat' dir='ltr'>sordibus</span> 
     </span>
     <span class='ocr_line' id='line_1_33' title="bbox 1073 392 1293 425; baseline -0.005 0"><span class='ocrx_word' id='word_1_95' title='bbox 1073 392 1293 425; x_wconf 82' lang='lat' dir='ltr'>Peccatorum.</span> 
     </span>
     <span class='ocr_line' id='line_1_34' title="bbox 894 449 1158 491; baseline -0.008 -8"><span class='ocrx_word' id='word_1_96' title='bbox 894 450 951 483; x_wconf 81' lang='lat' dir='ltr'>7b.</span> <span class='ocrx_word' id='word_1_97' title='bbox 974 450 1073 491; x_wconf 85' lang='lat' dir='ltr'>Ergo,</span> <span class='ocrx_word' id='word_1_98' title='bbox 1103 449 1158 490; x_wconf 89' lang='lat' dir='ltr'>pie</span> 
     </span>
     <span class='ocr_line' id='line_1_35' title="bbox 1026 496 1377 538; baseline -0.003 -8"><span class='ocrx_word' id='word_1_99' title='bbox 1026 496 1201 538; x_wconf 86' lang='lat' dir='ltr'>confessor,</span> <span class='ocrx_word' id='word_1_100' title='bbox 1228 497 1377 538; x_wconf 88' lang='lat' dir='ltr'>petimus.</span> 
     </span>
     <span class='ocr_line' id='line_1_36' title="bbox 976 546 1184 579; baseline -0.01 0"><span class='ocrx_word' id='word_1_101' title='bbox 976 546 1023 579; x_wconf 89' lang='lat' dir='ltr'>Ut</span> <span class='ocrx_word' id='word_1_102' title='bbox 1047 556 1067 578; x_wconf 85' lang='lat' dir='ltr'>a</span> <span class='ocrx_word' id='word_1_103' title='bbox 1090 546 1184 578; x_wconf 89' lang='lat' dir='ltr'>nobis</span> 
     </span>
     <span class='ocr_line' id='line_1_37' title="bbox 1024 594 1316 635; baseline -0.007 -9"><span class='ocrx_word' id='word_1_104' title='bbox 1024 594 1166 635; x_wconf 78' lang='lat' dir='ltr'>repellas</span> <span class='ocrx_word' id='word_1_105' title='bbox 1190 594 1316 634; x_wconf 85' lang='lat' dir='ltr'>longius</span> 
     </span>
     <span class='ocr_line' id='line_1_38' title="bbox 1074 641 1374 674; baseline 0 -1"><span class='ocrx_word' id='word_1_106' title='bbox 1074 641 1210 673; x_wconf 82' lang='lat' dir='ltr'>Hostem</span> <span class='ocrx_word' id='word_1_107' title='bbox 1235 650 1374 674; x_wconf 83' lang='lat' dir='ltr'>saevum.</span> 
     </span>
    </p>
   </div>
   <div class='ocr_carea' id='block_1_14' title="bbox 894 698 1504 828">
    <p class='ocr_par' dir='ltr' id='par_1_14' title="bbox 894 698 1504 828">
     <span class='ocr_line' id='line_1_39' title="bbox 894 698 1418 739; baseline -0.002 -8"><span class='ocrx_word' id='word_1_108' title='bbox 894 698 953 730; x_wconf 89' lang='lat' dir='ltr'>8b.</span> <span class='ocrx_word' id='word_1_109' title='bbox 975 699 1064 731; x_wconf 83' lang='lat' dir='ltr'>Deus</span> <span class='ocrx_word' id='word_1_110' title='bbox 1091 702 1171 739; x_wconf 82' lang='lat' dir='ltr'>erat,</span> <span class='ocrx_word' id='word_1_111' title='bbox 1201 708 1271 731; x_wconf 86' lang='lat' dir='ltr'>cum</span> <span class='ocrx_word' id='word_1_112' title='bbox 1299 699 1418 731; x_wconf 89' lang='lat' dir='ltr'>dedisti</span> 
     </span>
     <span class='ocr_line' id='line_1_40' title="bbox 976 747 1504 789; baseline 0.002 -10"><span class='ocrx_word' id='word_1_113' title='bbox 976 747 1106 779; x_wconf 84' lang='lat' dir='ltr'>Timens</span> <span class='ocrx_word' id='word_1_114' title='bbox 1136 748 1242 779; x_wconf 85' lang='lat' dir='ltr'>adhuc</span> <span class='ocrx_word' id='word_1_115' title='bbox 1268 747 1334 779; x_wconf 88' lang='lat' dir='ltr'>vim</span> <span class='ocrx_word' id='word_1_116' title='bbox 1358 748 1504 789; x_wconf 81' lang='lat' dir='ltr'>magistri</span> 
     </span>
     <span class='ocr_line' id='line_1_41' title="bbox 1023 795 1410 828; baseline 0.003 -2"><span class='ocrx_word' id='word_1_117' title='bbox 1023 795 1256 827; x_wconf 86' lang='lat' dir='ltr'>Vestimentum</span> <span class='ocrx_word' id='word_1_118' title='bbox 1282 795 1410 828; x_wconf 89' lang='lat' dir='ltr'>misero.</span> 
     </span>
    </p>
   </div>
   <div class='ocr_carea' id='block_1_15' title="bbox 894 851 1412 989">
    <p class='ocr_par' dir='ltr' id='par_1_15' title="bbox 894 851 1412 989">
     <span class='ocr_line' id='line_1_42' title="bbox 894 851 1388 893; baseline -0.004 -8"><span class='ocrx_word' id='word_1_119' title='bbox 894 851 952 885; x_wconf 84' lang='lat' dir='ltr'>9b.</span> <span class='ocrx_word' id='word_1_120' title='bbox 975 852 1093 885; x_wconf 85' lang='lat' dir='ltr'>Honor</span> <span class='ocrx_word' id='word_1_121' title='bbox 1118 861 1189 884; x_wconf 83' lang='lat' dir='ltr'>eras</span> <span class='ocrx_word' id='word_1_122' title='bbox 1214 852 1388 893; x_wconf 84' lang='lat' dir='ltr'>largitatis,</span> 
     </span>
     <span class='ocr_line' id='line_1_43' title="bbox 975 900 1412 940; baseline -0.005 -7"><span class='ocrx_word' id='word_1_123' title='bbox 975 901 1042 933; x_wconf 88' lang='lat' dir='ltr'>Sub</span> <span class='ocrx_word' id='word_1_124' title='bbox 1065 904 1241 940; x_wconf 86' lang='lat' dir='ltr'>praecepto</span> <span class='ocrx_word' id='word_1_125' title='bbox 1268 900 1412 932; x_wconf 80' lang='lat' dir='ltr'>caritatis</span> 
     </span>
     <span class='ocr_line' id='line_1_44' title="bbox 1024 948 1405 989; baseline -0.005 -8"><span class='ocrx_word' id='word_1_126' title='bbox 1024 948 1168 988; x_wconf 89' lang='lat' dir='ltr'>Sequens</span> <span class='ocrx_word' id='word_1_127' title='bbox 1196 948 1405 989; x_wconf 84' lang='lat' dir='ltr'>evangelium.</span> 
     </span>
    </p>
   </div>
   <div class='ocr_carea' id='block_1_16' title="bbox 867 1004 1468 1134">
    <p class='ocr_par' dir='ltr' id='par_1_16' title="bbox 867 1004 1468 1134">
     <span class='ocr_line' id='line_1_45' title="bbox 867 1004 1447 1045; baseline 0 -8"><span class='ocrx_word' id='word_1_128' title='bbox 867 1004 951 1038; x_wconf 84' lang='lat' dir='ltr'>lob.</span> <span class='ocrx_word' id='word_1_129' title='bbox 974 1005 1177 1038; x_wconf 85' lang='lat' dir='ltr'>Ostendebas</span> <span class='ocrx_word' id='word_1_130' title='bbox 1203 1008 1236 1037; x_wconf 86' lang='lat' dir='ltr'>te</span> <span class='ocrx_word' id='word_1_131' title='bbox 1261 1005 1447 1045; x_wconf 87' lang='lat' dir='ltr'>benignum,</span> 
     </span>
     <span class='ocr_line' id='line_1_46' title="bbox 972 1052 1468 1094; baseline -0.002 -9"><span class='ocrx_word' id='word_1_132' title='bbox 972 1053 1088 1086; x_wconf 88' lang='lat' dir='ltr'>Laude</span> <span class='ocrx_word' id='word_1_133' title='bbox 1112 1054 1215 1086; x_wconf 84' lang='lat' dir='ltr'>multa</span> <span class='ocrx_word' id='word_1_134' title='bbox 1239 1052 1310 1086; x_wconf 80' lang='lat' dir='ltr'>fore</span> <span class='ocrx_word' id='word_1_135' title='bbox 1338 1053 1468 1094; x_wconf 84' lang='lat' dir='ltr'>dignum</span> 
     </span>
     <span class='ocr_line' id='line_1_47' title="bbox 1019 1101 1381 1134; baseline 0 0"><span class='ocrx_word' id='word_1_136' title='bbox 1019 1101 1065 1134; x_wconf 88' lang='lat' dir='ltr'>Et</span> <span class='ocrx_word' id='word_1_137' title='bbox 1086 1101 1208 1133; x_wconf 87' lang='lat' dir='ltr'>honore</span> <span class='ocrx_word' id='word_1_138' title='bbox 1232 1101 1381 1134; x_wconf 82' lang='lat' dir='ltr'>maximo.</span> 
     </span>
    </p>
   </div>
   <div class='ocr_carea' id='block_1_17' title="bbox 866 1156 1502 1295">
    <p class='ocr_par' dir='ltr' id='par_1_17' title="bbox 866 1156 1502 1295">
     <span class='ocr_line' id='line_1_48' title="bbox 866 1156 1502 1200; baseline 0.002 -11"><span class='ocrx_word' id='word_1_139' title='bbox 866 1156 948 1189; x_wconf 69' lang='lat'>1112.</span> <span class='ocrx_word' id='word_1_140' title='bbox 972 1159 1067 1191; x_wconf 86' lang='lat' dir='ltr'>Vitae</span> <span class='ocrx_word' id='word_1_141' title='bbox 1092 1158 1196 1190; x_wconf 86' lang='lat' dir='ltr'>redde</span> <span class='ocrx_word' id='word_1_142' title='bbox 1219 1168 1279 1191; x_wconf 89' lang='lat' dir='ltr'>nos</span> <span class='ocrx_word' id='word_1_143' title='bbox 1303 1158 1502 1200; x_wconf 82' lang='lat' dir='ltr'>languentes,</span> 
     </span>
     <span class='ocr_line' id='line_1_49' title="bbox 973 1207 1454 1247; baseline -0.002 -8"><span class='ocrx_word' id='word_1_144' title='bbox 973 1207 1038 1239; x_wconf 90' lang='lat' dir='ltr'>Pro</span> <span class='ocrx_word' id='word_1_145' title='bbox 1063 1207 1207 1247; x_wconf 82' lang='lat' dir='ltr'>peccatis</span> <span class='ocrx_word' id='word_1_146' title='bbox 1232 1210 1454 1247; x_wconf 85' lang='lat' dir='ltr'>promerentes</span> 
     </span>
     <span class='ocr_line' id='line_1_50' title="bbox 1022 1253 1386 1295; baseline 0 -8"><span class='ocrx_word' id='word_1_147' title='bbox 1022 1253 1149 1287; x_wconf 71' lang='lat' dir='ltr'>Inferni</span> <span class='ocrx_word' id='word_1_148' title='bbox 1179 1255 1386 1295; x_wconf 79' lang='lat' dir='ltr'>supplicium.</span> 
     </span>
    </p>
   </div>
   <div class='ocr_carea' id='block_1_18' title="bbox 865 1311 1326 1538">
    <p class='ocr_par' dir='ltr' id='par_1_18' title="bbox 865 1311 1326 1538">
     <span class='ocr_line' id='line_1_51' title="bbox 865 1311 1235 1353; baseline 0 -10"><span class='ocrx_word' id='word_1_149' title='bbox 865 1311 947 1345; x_wconf 82' lang='lat' dir='ltr'>12b.</span> <span class='ocrx_word' id='word_1_150' title='bbox 974 1312 1095 1353; x_wconf 86' lang='lat' dir='ltr'>Regem</span> <span class='ocrx_word' id='word_1_151' title='bbox 1122 1320 1235 1353; x_wconf 84' lang='lat' dir='ltr'>regum</span> 
     </span>
     <span class='ocr_line' id='line_1_52' title="bbox 1019 1360 1326 1402; baseline -0.003 -10"><span class='ocrx_word' id='word_1_152' title='bbox 1019 1369 1099 1402; x_wconf 78' lang='lat' dir='ltr'>roga</span> <span class='ocrx_word' id='word_1_153' title='bbox 1123 1360 1326 1400; x_wconf 83' lang='lat' dir='ltr'>suppliciter,</span> 
     </span>
     <span class='ocr_line' id='line_1_53' title="bbox 970 1408 1224 1441; baseline -0.008 0"><span class='ocrx_word' id='word_1_154' title='bbox 970 1408 1018 1441; x_wconf 83' lang='lat' dir='ltr'>Ut</span> <span class='ocrx_word' id='word_1_155' title='bbox 1042 1410 1086 1441; x_wconf 89' lang='lat' dir='ltr'>sit</span> <span class='ocrx_word' id='word_1_156' title='bbox 1110 1417 1224 1440; x_wconf 91' lang='lat' dir='ltr'>servus</span> 
     </span>
     <span class='ocr_line' id='line_1_54' title="bbox 1020 1455 1266 1489; baseline 0 -1"><span class='ocrx_word' id='word_1_157' title='bbox 1020 1459 1093 1489; x_wconf 87' lang='lat' dir='ltr'>tuus</span> <span class='ocrx_word' id='word_1_158' title='bbox 1125 1455 1266 1489; x_wconf 82' lang='lat' dir='ltr'>feliciter</span> 
     </span>
     <span class='ocr_line' id='line_1_55' title="bbox 1065 1503 1258 1538; baseline -0.005 0"><span class='ocrx_word' id='word_1_159' title='bbox 1065 1503 1258 1538; x_wconf 80' lang='lat' dir='ltr'>LaureatuS.</span> 
     </span>
    </p>
   </div>
   <div class='ocr_carea' id='block_1_19' title="bbox 235 1558 1505 1590">
    <p class='ocr_par' dir='ltr' id='par_1_19' title="bbox 235 1558 1505 1590">
     <span class='ocr_line' id='line_1_56' title="bbox 235 1558 1505 1590; baseline 0.001 -2"><span class='ocrx_word' id='word_1_160' title='bbox 235 1560 321 1589; x_wconf 83' lang='lat' dir='ltr'>Miss.</span> <span class='ocrx_word' id='word_1_161' title='bbox 343 1570 398 1589; x_wconf 88' lang='lat' dir='ltr'>ms.</span> <span class='ocrx_word' id='word_1_162' title='bbox 417 1560 603 1589; x_wconf 80' lang='lat' dir='ltr'>Ebroicense</span> <span class='ocrx_word' id='word_1_163' title='bbox 624 1568 700 1588; x_wconf 85' lang='lat' dir='ltr'>saec.</span> <span class='ocrx_word' id='word_1_164' title='bbox 719 1558 763 1589; x_wconf 83' lang='lat'>15.</span> <span class='ocrx_word' id='word_1_165' title='bbox 785 1561 856 1590; x_wconf 71' lang='lat' dir='ltr'>Coa.</span> <span class='ocrx_word' id='word_1_166' title='bbox 871 1560 1047 1589; x_wconf 81' lang='lat' dir='ltr'>Ebroicens.</span> <span class='ocrx_word' id='word_1_167' title='bbox 1069 1558 1115 1588; x_wconf 83' lang='lat'>99.</span> <span class='ocrx_word' id='word_1_168' title='bbox 1136 1576 1175 1581; x_wconf 96' lang='lat'>—</span> <span class='ocrx_word' id='word_1_169' title='bbox 1195 1561 1254 1589; x_wconf 83' lang='lat' dir='ltr'>Str.</span> <span class='ocrx_word' id='word_1_170' title='bbox 1266 1559 1341 1588; x_wconf 71' lang='lat' dir='ltr'>f&#39;bis</span> <span class='ocrx_word' id='word_1_171' title='bbox 1354 1558 1390 1588; x_wconf 79' lang='lat'>12</span> <span class='ocrx_word' id='word_1_172' title='bbox 1409 1561 1505 1589; x_wconf 84' lang='lat' dir='ltr'>Inter-</span> 
     </span>
    </p>
   </div>
   <div class='ocr_carea' id='block_1_20' title="bbox 158 1599 302 1636">
    <p class='ocr_par' dir='ltr' id='par_1_20' title="bbox 158 1599 302 1636">
     <span class='ocr_line' id='line_1_57' title="bbox 158 1599 302 1636; baseline 0 -9"><span class='ocrx_word' id='word_1_173' title='bbox 158 1599 302 1636; x_wconf 85' lang='lat' dir='ltr'>polation.</span> 
     </span>
    </p>
   </div>
   <div class='ocr_carea' id='block_1_21' title="bbox 604 1663 1052 1706">
    <p class='ocr_par' dir='ltr' id='par_1_21' title="bbox 604 1663 1052 1706">
     <span class='ocr_line' id='line_1_58' title="bbox 604 1663 1052 1706; baseline 0.002 -10"><span class='ocrx_word' id='word_1_174' title='bbox 604 1663 667 1696; x_wconf 83' lang='lat'>157.</span> <span class='ocrx_word' id='word_1_175' title='bbox 712 1664 756 1696; x_wconf 92' lang='lat' dir='ltr'>De</span> <span class='ocrx_word' id='word_1_176' title='bbox 778 1664 888 1697; x_wconf 84' lang='lat' dir='ltr'>sancto</span> <span class='ocrx_word' id='word_1_177' title='bbox 910 1664 1052 1706; x_wconf 84' lang='lat' dir='ltr'>Aegidio.</span> 
     </span>
    </p>
   </div>
   <div class='ocr_carea' id='block_1_22' title="bbox 164 1725 628 1814">
    <p class='ocr_par' dir='ltr' id='par_1_22' title="bbox 164 1725 628 1814">
     <span class='ocr_line' id='line_1_59' title="bbox 164 1725 615 1767; baseline -0.004 -8"><span class='ocrx_word' id='word_1_178' title='bbox 164 1726 221 1760; x_wconf 75' lang='lat' dir='ltr'>ia.</span> <span class='ocrx_word' id='word_1_179' title='bbox 250 1725 399 1758; x_wconf 87' lang='lat' dir='ltr'>Solitudo</span> <span class='ocrx_word' id='word_1_180' title='bbox 425 1727 615 1767; x_wconf 77' lang='lat' dir='ltr'>spontanea,</span> 
     </span>
     <span class='ocr_line' id='line_1_60' title="bbox 247 1774 628 1814; baseline 0.003 -8"><span class='ocrx_word' id='word_1_181' title='bbox 247 1774 385 1806; x_wconf 88' lang='lat' dir='ltr'>multum</span> <span class='ocrx_word' id='word_1_182' title='bbox 412 1782 446 1805; x_wconf 92' lang='lat' dir='ltr'>es</span> <span class='ocrx_word' id='word_1_183' title='bbox 472 1774 628 1814; x_wconf 82' lang='lat' dir='ltr'>optabilis</span> 
     </span>
    </p>
   </div>
   <div class='ocr_carea' id='block_1_23' title="bbox 160 1831 719 1871">
    <p class='ocr_par' dir='ltr' id='par_1_23' title="bbox 160 1831 719 1871">
     <span class='ocr_line' id='line_1_61' title="bbox 160 1831 719 1871; baseline -0.004 -5"><span class='ocrx_word' id='word_1_184' title='bbox 160 1834 216 1866; x_wconf 69' lang='lat'>22.</span> <span class='ocrx_word' id='word_1_185' title='bbox 245 1831 351 1864; x_wconf 80' lang='lat' dir='ltr'>Nocte</span> <span class='ocrx_word' id='word_1_186' title='bbox 375 1831 472 1865; x_wconf 86' lang='lat' dir='ltr'>nubis</span> <span class='ocrx_word' id='word_1_187' title='bbox 500 1840 533 1863; x_wconf 89' lang='lat' dir='ltr'>es</span> <span class='ocrx_word' id='word_1_188' title='bbox 561 1832 719 1871; x_wconf 83' lang='lat' dir='ltr'>columna,</span> 
     </span>
    </p>
   </div>
   <div class='ocr_carea' id='block_1_24' title="bbox 159 1880 710 2030">
    <p class='ocr_par' dir='ltr' id='par_1_24' title="bbox 159 1880 710 2030">
     <span class='ocr_line' id='line_1_62' title="bbox 243 1880 658 1921; baseline 0 -9"><span class='ocrx_word' id='word_1_189' title='bbox 243 1880 275 1912; x_wconf 92' lang='lat' dir='ltr'>in</span> <span class='ocrx_word' id='word_1_190' title='bbox 305 1880 358 1913; x_wconf 93' lang='lat' dir='ltr'>die</span> <span class='ocrx_word' id='word_1_191' title='bbox 383 1880 540 1920; x_wconf 89' lang='lat' dir='ltr'>splendor</span> <span class='ocrx_word' id='word_1_192' title='bbox 564 1880 658 1921; x_wconf 86' lang='lat' dir='ltr'>igniS,</span> 
     </span>
     <span class='ocr_line' id='line_1_63' title="bbox 159 1937 710 1981; baseline -0.007 -8"><span class='ocrx_word' id='word_1_193' title='bbox 159 1941 218 1974; x_wconf 80' lang='lat' dir='ltr'>3a.</span> <span class='ocrx_word' id='word_1_194' title='bbox 247 1938 361 1972; x_wconf 80' lang='lat' dir='ltr'>Turba</span> <span class='ocrx_word' id='word_1_195' title='bbox 384 1937 497 1970; x_wconf 82' lang='lat' dir='ltr'>turbat</span> <span class='ocrx_word' id='word_1_196' title='bbox 525 1940 559 1969; x_wconf 84' lang='lat' dir='ltr'>et</span> <span class='ocrx_word' id='word_1_197' title='bbox 582 1937 710 1981; x_wconf 84' lang='lat' dir='ltr'>polluit,</span> 
     </span>
     <span class='ocr_line' id='line_1_64' title="bbox 243 1987 654 2030; baseline -0.002 -11"><span class='ocrx_word' id='word_1_198' title='bbox 243 1987 303 2019; x_wconf 88' lang='lat' dir='ltr'>sed</span> <span class='ocrx_word' id='word_1_199' title='bbox 328 1990 363 2019; x_wconf 90' lang='lat' dir='ltr'>tu</span> <span class='ocrx_word' id='word_1_200' title='bbox 392 1995 504 2020; x_wconf 85' lang='lat' dir='ltr'>manes</span> <span class='ocrx_word' id='word_1_201' title='bbox 530 1995 654 2030; x_wconf 85' lang='lat' dir='ltr'>secura,</span> 
     </span>
    </p>
   </div>
   <div class='ocr_carea' id='block_1_25' title="bbox 158 2044 551 2181">
    <p class='ocr_par' dir='ltr' id='par_1_25' title="bbox 158 2044 551 2181">
     <span class='ocr_line' id='line_1_65' title="bbox 158 2044 502 2087; baseline -0.009 -8"><span class='ocrx_word' id='word_1_202' title='bbox 158 2047 216 2079; x_wconf 81' lang='lat' dir='ltr'>4a.</span> <span class='ocrx_word' id='word_1_203' title='bbox 245 2044 343 2078; x_wconf 84' lang='lat' dir='ltr'>Scala</span> <span class='ocrx_word' id='word_1_204' title='bbox 367 2045 502 2087; x_wconf 83' lang='lat' dir='ltr'>gloriae,</span> 
     </span>
     <span class='ocr_line' id='line_1_66' title="bbox 245 2093 480 2134; baseline 0 -9"><span class='ocrx_word' id='word_1_205' title='bbox 245 2093 300 2125; x_wconf 79' lang='lat' dir='ltr'>lex</span> <span class='ocrx_word' id='word_1_206' title='bbox 321 2093 480 2134; x_wconf 81' lang='lat' dir='ltr'>justitiae,</span> 
     </span>
     <span class='ocr_line' id='line_1_67' title="bbox 244 2142 551 2181; baseline -0.003 -7"><span class='ocrx_word' id='word_1_207' title='bbox 244 2142 405 2174; x_wconf 86' lang='lat' dir='ltr'>victorum</span> <span class='ocrx_word' id='word_1_208' title='bbox 431 2142 551 2181; x_wconf 85' lang='lat' dir='ltr'>palma,</span> 
     </span>
    </p>
   </div>
   <div class='ocr_carea' id='block_1_26' title="bbox 158 2199 707 2290">
    <p class='ocr_par' dir='ltr' id='par_1_26' title="bbox 158 2199 707 2290">
     <span class='ocr_line' id='line_1_68' title="bbox 158 2199 707 2238; baseline -0.009 -3"><span class='ocrx_word' id='word_1_209' title='bbox 158 2203 216 2235; x_wconf 68' lang='lat'>521.</span> <span class='ocrx_word' id='word_1_210' title='bbox 244 2199 379 2232; x_wconf 84' lang='lat' dir='ltr'>Grande</span> <span class='ocrx_word' id='word_1_211' title='bbox 404 2199 521 2231; x_wconf 88' lang='lat' dir='ltr'>vulnus</span> <span class='ocrx_word' id='word_1_212' title='bbox 549 2199 707 2238; x_wconf 82' lang='lat' dir='ltr'>excepisti</span> 
     </span>
     <span class='ocr_line' id='line_1_69' title="bbox 240 2248 546 2290; baseline -0.003 -10"><span class='ocrx_word' id='word_1_213' title='bbox 240 2249 308 2281; x_wconf 88' lang='lat' dir='ltr'>ictu</span> <span class='ocrx_word' id='word_1_214' title='bbox 334 2248 546 2290; x_wconf 77' lang='lat' dir='ltr'>sagittatoris,</span> 
     </span>
    </p>
   </div>
   <div class='ocr_carea' id='block_1_27' title="bbox 156 2307 564 2447">
    <p class='ocr_par' dir='ltr' id='par_1_27' title="bbox 156 2307 564 2447">
     <span class='ocr_line' id='line_1_70' title="bbox 156 2307 514 2347; baseline -0.014 -4"><span class='ocrx_word' id='word_1_215' title='bbox 156 2310 214 2343; x_wconf 83' lang='lat' dir='ltr'>6a.</span> <span class='ocrx_word' id='word_1_216' title='bbox 240 2307 380 2340; x_wconf 86' lang='lat' dir='ltr'>Dolores</span> <span class='ocrx_word' id='word_1_217' title='bbox 406 2315 514 2347; x_wconf 82' lang='lat' dir='ltr'>sanas,</span> 
     </span>
     <span class='ocr_line' id='line_1_71' title="bbox 239 2355 564 2398; baseline -0.006 -9"><span class='ocrx_word' id='word_1_218' title='bbox 239 2355 415 2398; x_wconf 82' lang='lat' dir='ltr'>naufragos</span> <span class='ocrx_word' id='word_1_219' title='bbox 442 2364 564 2396; x_wconf 87' lang='lat' dir='ltr'>servas,</span> 
     </span>
     <span class='ocr_line' id='line_1_72' title="bbox 240 2405 507 2447; baseline -0.004 -10"><span class='ocrx_word' id='word_1_220' title='bbox 240 2406 310 2447; x_wconf 83' lang='lat' dir='ltr'>regi</span> <span class='ocrx_word' id='word_1_221' title='bbox 332 2405 507 2446; x_wconf 78' lang='lat' dir='ltr'>succurris,</span> 
     </span>
    </p>
   </div>
   <div class='ocr_carea' id='block_1_28' title="bbox 864 1725 1434 1807">
    <p class='ocr_par' dir='ltr' id='par_1_28' title="bbox 864 1725 1434 1807">
     <span class='ocr_line' id='line_1_73' title="bbox 864 1725 1434 1766; baseline -0.005 -6"><span class='ocrx_word' id='word_1_222' title='bbox 864 1726 924 1761; x_wconf 77' lang='lat' dir='ltr'>ib.</span> <span class='ocrx_word' id='word_1_223' title='bbox 948 1727 1004 1759; x_wconf 79' lang='lat' dir='ltr'>Ad</span> <span class='ocrx_word' id='word_1_224' title='bbox 1030 1726 1174 1760; x_wconf 80' lang='lat' dir='ltr'>maculas</span> <span class='ocrx_word' id='word_1_225' title='bbox 1200 1725 1434 1766; x_wconf 83' lang='lat' dir='ltr'>abstergendas</span> 
     </span>
     <span class='ocr_line' id='line_1_74' title="bbox 948 1774 1302 1807; baseline -0.003 0"><span class='ocrx_word' id='word_1_226' title='bbox 948 1774 1157 1807; x_wconf 87' lang='lat' dir='ltr'>contribulati</span> <span class='ocrx_word' id='word_1_227' title='bbox 1184 1775 1302 1806; x_wconf 91' lang='lat' dir='ltr'>cordis.</span> 
     </span>
    </p>
   </div>
   <div class='ocr_carea' id='block_1_29' title="bbox 863 1832 1316 1921">
    <p class='ocr_par' dir='ltr' id='par_1_29' title="bbox 863 1832 1316 1921">
     <span class='ocr_line' id='line_1_75' title="bbox 863 1832 1292 1865; baseline -0.002 -1"><span class='ocrx_word' id='word_1_228' title='bbox 863 1832 912 1865; x_wconf 84' lang='lat' dir='ltr'>2b</span> <span class='ocrx_word' id='word_1_229' title='bbox 950 1832 1106 1865; x_wconf 83' lang='lat' dir='ltr'>Custodia</span> <span class='ocrx_word' id='word_1_230' title='bbox 1129 1832 1292 1864; x_wconf 85' lang='lat' dir='ltr'>tutissima</span> 
     </span>
     <span class='ocr_line' id='line_1_76' title="bbox 947 1880 1316 1921; baseline -0.003 -8"><span class='ocrx_word' id='word_1_231' title='bbox 947 1881 988 1913; x_wconf 87' lang='lat' dir='ltr'>ab</span> <span class='ocrx_word' id='word_1_232' title='bbox 1014 1880 1161 1913; x_wconf 89' lang='lat' dir='ltr'>hostibus</span> <span class='ocrx_word' id='word_1_233' title='bbox 1187 1880 1316 1921; x_wconf 83' lang='lat' dir='ltr'>iniquiS.</span> 
     </span>
    </p>
   </div>
   <div class='ocr_carea' id='block_1_30' title="bbox 863 1938 1362 2028">
    <p class='ocr_par' dir='ltr' id='par_1_30' title="bbox 863 1938 1362 2028">
     <span class='ocr_line' id='line_1_77' title="bbox 863 1938 1362 1978; baseline -0.004 -6"><span class='ocrx_word' id='word_1_234' title='bbox 863 1938 922 1972; x_wconf 75' lang='lat' dir='ltr'>ssb.</span> <span class='ocrx_word' id='word_1_235' title='bbox 945 1938 1010 1971; x_wconf 77' lang='lat' dir='ltr'>Via</span> <span class='ocrx_word' id='word_1_236' title='bbox 1031 1940 1131 1978; x_wconf 84' lang='lat' dir='ltr'>vitae,</span> <span class='ocrx_word' id='word_1_237' title='bbox 1158 1941 1255 1978; x_wconf 83' lang='lat' dir='ltr'>porta</span> <span class='ocrx_word' id='word_1_238' title='bbox 1279 1938 1362 1970; x_wconf 84' lang='lat' dir='ltr'>coeli</span> 
     </span>
     <span class='ocr_line' id='line_1_78' title="bbox 949 1986 1282 2028; baseline 0.003 -9"><span class='ocrx_word' id='word_1_239' title='bbox 949 1989 981 2019; x_wconf 84' lang='lat' dir='ltr'>et</span> <span class='ocrx_word' id='word_1_240' title='bbox 1005 1986 1130 2028; x_wconf 82' lang='lat' dir='ltr'>gratiae</span> <span class='ocrx_word' id='word_1_241' title='bbox 1155 1987 1282 2021; x_wconf 85' lang='lat' dir='ltr'>semita.</span> 
     </span>
    </p>
   </div>
   <div class='ocr_carea' id='block_1_31' title="bbox 861 2044 1426 2289">
    <p class='ocr_par' dir='ltr' id='par_1_31' title="bbox 861 2044 1231 2174">
     <span class='ocr_line' id='line_1_79' title="bbox 861 2044 1218 2087; baseline -0.006 -9"><span class='ocrx_word' id='word_1_242' title='bbox 861 2044 922 2078; x_wconf 88' lang='lat' dir='ltr'>4b.</span> <span class='ocrx_word' id='word_1_243' title='bbox 944 2045 1064 2086; x_wconf 88' lang='lat' dir='ltr'>Aegidi</span> <span class='ocrx_word' id='word_1_244' title='bbox 1097 2047 1218 2087; x_wconf 83' lang='lat' dir='ltr'>sancte,</span> 
     </span>
     <span class='ocr_line' id='line_1_80' title="bbox 945 2093 1231 2133; baseline -0.007 -7"><span class='ocrx_word' id='word_1_245' title='bbox 945 2094 999 2127; x_wconf 81' lang='lat' dir='ltr'>lux</span> <span class='ocrx_word' id='word_1_246' title='bbox 1029 2093 1231 2133; x_wconf 81' lang='lat' dir='ltr'>disciplinae,</span> 
     </span>
     <span class='ocr_line' id='line_1_81' title="bbox 945 2142 1127 2174; baseline 0 0"><span class='ocrx_word' id='word_1_247' title='bbox 945 2142 1127 2174; x_wconf 83' lang='lat' dir='ltr'>eremicola.</span> 
     </span>
    </p>

    <p class='ocr_par' dir='ltr' id='par_1_32' title="bbox 862 2199 1426 2289">
     <span class='ocr_line' id='line_1_82' title="bbox 862 2199 1426 2241; baseline -0.004 -7"><span class='ocrx_word' id='word_1_248' title='bbox 862 2199 920 2234; x_wconf 88' lang='lat' dir='ltr'>5b.</span> <span class='ocrx_word' id='word_1_249' title='bbox 943 2201 1035 2234; x_wconf 88' lang='lat' dir='ltr'>Inter</span> <span class='ocrx_word' id='word_1_250' title='bbox 1059 2208 1176 2240; x_wconf 87' lang='lat' dir='ltr'>vepres</span> <span class='ocrx_word' id='word_1_251' title='bbox 1200 2209 1270 2232; x_wconf 90' lang='lat' dir='ltr'>cum</span> <span class='ocrx_word' id='word_1_252' title='bbox 1296 2200 1426 2241; x_wconf 87' lang='lat' dir='ltr'>lateres,</span> 
     </span>
     <span class='ocr_line' id='line_1_83' title="bbox 946 2248 1354 2289; baseline 0.005 -8"><span class='ocrx_word' id='word_1_253' title='bbox 946 2253 979 2281; x_wconf 91' lang='lat' dir='ltr'>et</span> <span class='ocrx_word' id='word_1_254' title='bbox 1001 2250 1064 2282; x_wconf 87' lang='lat' dir='ltr'>hoc</span> <span class='ocrx_word' id='word_1_255' title='bbox 1092 2249 1196 2281; x_wconf 84' lang='lat' dir='ltr'>laetus</span> <span class='ocrx_word' id='word_1_256' title='bbox 1219 2248 1354 2289; x_wconf 86' lang='lat' dir='ltr'>pateris.</span> 
     </span>
    </p>
   </div>
   <div class='ocr_carea' id='block_1_32' title="bbox 860 2306 1220 2445">
    <p class='ocr_par' dir='ltr' id='par_1_33' title="bbox 860 2306 1220 2445">
     <span class='ocr_line' id='line_1_84' title="bbox 860 2306 1214 2347; baseline -0.006 -7"><span class='ocrx_word' id='word_1_257' title='bbox 860 2306 919 2341; x_wconf 87' lang='lat' dir='ltr'>6b.</span> <span class='ocrx_word' id='word_1_258' title='bbox 942 2306 1083 2340; x_wconf 87' lang='lat' dir='ltr'>Infirmis</span> <span class='ocrx_word' id='word_1_259' title='bbox 1110 2315 1214 2347; x_wconf 88' lang='lat' dir='ltr'>opem,</span> 
     </span>
     <span class='ocr_line' id='line_1_85' title="bbox 945 2355 1220 2389; baseline 0 -2"><span class='ocrx_word' id='word_1_260' title='bbox 945 2365 1060 2389; x_wconf 85' lang='lat' dir='ltr'>cervae</span> <span class='ocrx_word' id='word_1_261' title='bbox 1084 2355 1220 2387; x_wconf 84' lang='lat' dir='ltr'>salutem</span> 
     </span>
     <span class='ocr_line' id='line_1_86' title="bbox 945 2404 1175 2445; baseline 0.004 -8"><span class='ocrx_word' id='word_1_262' title='bbox 945 2405 1009 2438; x_wconf 89' lang='lat' dir='ltr'>cito</span> <span class='ocrx_word' id='word_1_263' title='bbox 1035 2404 1175 2445; x_wconf 87' lang='lat' dir='ltr'>largiris.</span> 
     </span>
    </p>
   </div>
  </div>
 </body>
</html>
