1652 2678
705 102 972 139 *195*

169 200 226 232 5a.
254 198 342 234 Navi
370 208 442 233 cum
467 201 615 243 angelico
872 201 930 235 5b‚
953 201 1052 234 Jussu
1076 204 1153 242 post
1175 199 1346 243 magnifico

300 247 411 281 Ductu
437 249 640 292 deportatur,
1002 250 1148 291 Reginae
1171 252 1325 292 mutatur,

253 296 357 337 Asylo
384 296 522 330 mirifico
955 298 1078 331 Tra-ctu
1103 297 1200 331 boum
1226 297 1347 330 coelico

300 345 405 378 Portu
429 344 570 378 situatur
1001 346 1239 387 Compostellae
1266 345 1373 386 datur,

347 392 567 434 Hispanorum
596 394 723 429 fretico.
1053 395 1125 428 Situ
1147 403 1209 436 quo
1234 396 1301 428 stat
1323 394 1422 427 illico.

166 450 224 483 6a.
252 449 438 483 Ecclesiam
464 452 596 485 domina
871 452 932 486 eb.
953 453 1101 486 Mundus
1126 453 1258 485 mittens
1286 452 1415 494 agmina

298 497 477 533 Pulchram
502 499 687 541 fabricavit,
1005 501 1072 534 Diu
1096 501 1242 534 visitavit

251 547 430 588 Apostolus
456 548 579 581 lumina
954 549 1107 590 Apostoli
1133 549 1257 591 limina,

301 595 445 630 Vibrans
470 596 650 630 illustravit
1005 597 1070 630 Per
1095 607 1177 639 quae
1202 598 1368 631 decoravit

346 644 490 685 Populos
516 643 707 685 Hispaniae.
1052 645 1122 678 Has
1150 647 1241 679 dotes
1271 646 1436 679 ecclesiae.

540 703 571 735 ¹7.
599 702 665 734 Per
691 702 796 735 sancti
821 704 1010 744 precamina

646 749 736 783 Deus
762 751 934 783 suscitavit

618 798 779 839 Mortuos,
807 800 967 832 solamina

671 846 793 880 Salutis
822 847 965 890 donavit,

719 896 841 928 Munus
866 898 1013 936 praestet
1039 896 1163 930 veniae.

239 971 324 999 Miss.
346 980 400 999 ms.
423 970 453 1000 S.
474 972 559 1000 Petri
578 972 805 1000 Moissiaeensis
827 981 905 1001 saec.
929 970 973 1000 15.
1006 972 1077 1001 Cod.
1098 973 1239 1001 Tolosan.
1263 971 1328 1001 106.
1354 987 1392 993 —·
1418 970 1473 1007 41³,
1493 969 1512 999 2

163 1009 230 1044 Qua
248 1011 330 1038 terra
349 1010 405 1038 Hs.
427 1024 465 1030 -
486 1009 539 1047 5a,
560 1009 580 1039 4
599 1011 725 1039 Portum
745 1010 802 1040 Hs.
825 1027 862 1032 —
883 1009 935 1046 5b‚
957 1008 975 1039 :³
995 1012 1107 1039 Traetu
1127 1012 1247 1040 bonum.
1281 1011 1337 1039 Hs.

617 1123 686 1155 259.
729 1124 771 1154 De
796 1123 906 1155 sancto
929 1123 1059 1155 Jacobo.

165 1195 224 1229 la.
252 1194 471 1228 Sacrosancta
494 1198 669 1228 veneretur
869 1194 929 1227 lb.
952 1194 1000 1227 Et
1022 1203 1083 1235 per
1107 1195 1221 1227 orbem
1251 1195 1432 1236 gratuletur

299 1243 416 1276 Jacobi
441 1242 610 1287 solemnia,
1001 1242 1128 1275 Fidelis
1155 1242 1301 1276 ecclesia.

162 1303 221 1337 2a.
248 1301 411 1335 Evocavit
434 1302 522 1334 hunc
548 1301 591 1333 de
614 1301 700 1333 mari
869 1300 929 1334 2b.
953 1300 1034 1334 Mox
1057 1301 1092 1333 in
1117 1309 1245 1333 omnem
1270 1300 1417 1334 crudivit

247 1350 470 1391 Hominesque
492 1351 561 1390 jam
586 1349 710 1390 piscari
956 1348 1134 1382 Veritatem
1161 1350 1194 1381 et
1217 1349 1359 1382 adscivit

297 1398 403 1433 Jussit
427 1398 492 1432 Dei
516 1397 616 1438 filius,
1002 1397 1043 1430 In
1066 1406 1211 1430 amorem
1235 1397 1350 1431 artius.

165 1460 222 1493 3a.
250 1457 357 1499 Regni
381 1458 480 1490 decus
506 1455 567 1489 sub
595 1457 732 1489 duorum
870 1455 928 1490 3b.
952 1455 1007 1489 Ad
1033 1455 1243 1497 splendorem
1270 1455 1401 1489 deitatis

294 1506 449 1540 Pandens
473 1505 672 1545 testimonio⁷
1002 1505 1091 1537 Hinc
1115 1513 1283 1537 assumens
1308 1505 1453 1546 tertium,

247 1556 337 1588 Voce
362 1554 468 1595 patris
496 1554 537 1587 de
564 1554 727 1587 coelorum
955 1554 1041 1588 Suae
1065 1552 1145 1586 fecit
1169 1552 1330 1586 claritatis

295 1605 485 1637 Attestante
510 1602 602 1636 solio.
1002 1601 1049 1634 Et
1071 1604 1188 1635 testem
1214 1604 1246 1633 et
1270 1601 1403 1635 socium.

161 1665 224 1698 4a.
252 1662 333 1695 Cum
359 1661 485 1694 duobus
510 1661 566 1693 hic
590 1662 727 1694 vocatur
870 1659 930 1694 4b.
953 1660 1040 1693 Dum
1065 1660 1196 1700 puellae
1221 1659 1334 1692 reddit
1358 1660 1460 1692 vitam

246 1710 294 1743 Et
319 1719 391 1743 cum
416 1709 498 1751 ipsis
524 1709 704 1742 honoratur
953 1708 1205 1749 Desoporatque
1230 1707 1379 1748 sopitam,

296 1758 468 1799 Adspectu
493 1758 653 1798 miraculi,
1002 1757 1169 1789 Arcentur
1195 1756 1357 1797 discipuli.

163 1820 224 1852 5a.
251 1817 333 1851 Orat
359 1816 509 1850 Christus
534 1818 567 1848 et
591 1817 718 1848 artatur
871 1814 931 1849 51).
953 1814 1156 1855 Dignitatem
1183 1814 1335 1847 sessionis

299 1864 427 1899 Sudans
451 1864 567 1896 mortis
592 1863 714 1903 taedi0‚
1004 1863 1092 1896 Petit
1118 1865 1224 1895 mater
1249 1862 1375 1903 sedula,

247 1914 313 1947 Hic
337 1916 485 1947 orantem
512 1912 695 1953 comitatur,
955 1911 1020 1945 Sed
1046 1911 1203 1952 magister
1226 1911 1390 1951 passionis

297 1963 384 1996 Dum
409 1964 544 2003 perorat
569 1961 679 1994 tertio.
1002 1960 1126 1993 Invitat
1150 1960 1193 1992 ad
1218 1959 1347 2000 pocula.

162 2023 222 2057 6a.
249 2021 356 2063 Felix,
385 2021 440 2062 qui
465 2020 508 2053 ad
535 2028 647 2053 vocem
674 2018 796 2052 Christi
871 2019 929 2052 6b.
956 2018 1054 2053 Unde
1077 2017 1175 2059 digne
1201 2021 1371 2051 coronatus

249 2070 443 2103 Sitibundus
470 2068 601 2101 ebibisti
957 2067 1039 2101 Esto
1064 2066 1128 2100 tuis
1154 2066 1332 2100 advocatus

286 2118 471 2152 Pretiosum
498 2117 642 2161 calicem,
1003 2115 1103 2157 Apud
1129 2116 1235 2156 ipsum
1258 2115 1415 2156 judicem.

638 2177 670 2211 7.
697 2177 767 2209 Tuo
792 2175 887 2208 nobis
913 2174 1069 2215 sanguine

694 2223 779 2256 Dele
805 2224 928 2265 culpas,
956 2223 1066 2256 obtine

769 2272 920 2306 Paradisi
946 2272 1101 2312 requiem.

238 2356 327 2385 Miss.
352 2362 409 2382 ms.
427 2351 637 2380 vedastinum.
663 2357 741 2379 saec.
771 2346 818 2377 14.
838 2350 881 2377 in.
903 2348 974 2377 Cod.
995 2348 1186 2378 Atrebatens.
1207 2346 1274 2378 888.
1298 2349 1331 2378 A.
1357 2366 1397 2370 -—
1429 2349 1505 2377 Mu<

159 2405 215 2425 ms.
236 2395 437 2424 Vedastinum
465 2399 543 2420 saec.
568 2387 613 2417 14.
636 2388 708 2418 eod.
728 2388 917 2417 Atrebatens.
938 2385 997 2417 882
1017 2387 1052 2416 B.
1080 2402 1119 2408 --
1146 2387 1204 2416 Str.
1227 2387 1242 2416 1
1264 2389 1326 2417 und
1346 2387 1394 2418 23,
1415 2388 1516 2417 fehlvn

158 2436 194 2464 B.
216 2448 255 2454 —-
276 2432 327 2467 6a,
351 2431 366 2461 1
388 2432 461 2470 quid
483 2431 521 2460 ad
541 2438 646 2458 vocem
665 2428 701 2457 A.
722 2443 762 2448 —
783 2426 809 2463 7,
836 2426 851 2456 1
875 2428 939 2462 Quo
962 2427 1051 2456 nobis
1074 2428 1108 2455 A.

1273 2475 1333 2506 13*
