1652 2678
727 89 995 126 -187—

213 187 270 221 7a.
299 185 453 222 Gaudent
473 189 560 222 inter
583 190 816 230 persequentes

296 234 343 267 Et
368 235 416 269 sic
439 237 575 271 vincunt
598 238 771 278 patientes,

344 283 543 318 Exaltantur
566 286 723 327 humilcs;

211 343 272 376 Sa.
295 341 383 374 Iram
407 343 479 385 lupi
503 353 567 376 non
593 343 808 384 abscondunt,

296 390 408 431 Agnos
423 392 559 424 tondent
573 394 607 423 et
616 391 827 432 contundunt,

344 438 387 472 Os
414 440 468 481 qui
493 449 556 473 non
578 441 739 481 aperiunt.

213 498 270 530 9a.
299 496 400 536 Quem
425 507 486 530 nec
509 498 622 530 sinunt
645 498 756 531 vivere

347 544 419 578 Nec
442 545 531 579 finiri
558 546 663 587 citius,

294 591 543 627 Plumbatarum
571 594 707 627 verbere

345 642 488 683 Vapulat
514 641 702 675 GervasiuS.

298 698 343 731 Hi
370 702 445 731 sunt
467 708 569 740 grana
591 698 759 739 seminata,

295 746 469 781 Moriendo
495 755 578 788 quae
603 749 719 779 renata

345 794 829 828 Fructumredduntcreditum.

298 853 336 885 In
362 852 426 886 hoc
450 853 571 886 sanctis
596 852 794 886 ministravit

295 901 451 944 Mundus,
462 902 548 943 quod
558 902 618 934 hos
629 901 827 941 emundavit,

295 950 381 990 Quos
406 949 544 991 flagellis
569 950 738 983 trituravit

345 997 476 1031 Doloris
501 998 536 1031 111
562 1006 648 1031 area.

188 700 271 733 10a.

187 854 269 886 lla.

187 1055 270 1090 1221.
297 1055 388 1099 Jesu,
414 1056 482 1090 vivi
505 1055 578 1089 fons
604 1056 734 1097 amoris,

295 1104 385 1144 Jesu,
411 1108 499 1137 meta
523 1105 669 1146 viatoris,

293 1153 509 1193 Respiramen
534 1152 714 1193 luctatoris,

295 1200 384 1244 Sors,
413 1211 532 1234 corona
556 1200 748 1241 pugnatoris

342 1249 390 1282 Et
415 1250 574 1282 currentis
601 1249 748 1281 bravium
760 1260 769 1290 ;

913 187 973 221 7b,
995 186 1076 228 Deo,
1102 186 1175 226 sibi,
1201 186 1321 220 mundo
1344 186 1437 227 justi,

996 234 1073 269 Vivi
1097 234 1174 275 fide,
1202 242 1260 275 spe
1284 234 1420 275 robusti,

1047 282 1191 316 Caritate
1215 282 1351 316 nobiles

914 342 975 377 8b.
997 340 1150 374 Inimicos
1176 341 1333 382 corporis,

997 389 1057 430 Qui
1081 391 1241 423 venantur
1267 388 1400 429 deforis,

1045 437 1138 470 Intra
1163 446 1199 470 se
1225 437 1420 479 despiciunt.

914 496 974 531 9b.
996 495 1146 529 Breviori
1171 494 1302 528 tramite

1048 543 1158 577 Currit
1180 543 1362 584 expeditius

996 592 1050 625 Ad
1078 596 1120 635 te,
1148 591 1286 633 Christe,
1314 591 1422 633 capite

1046 639 1209 673 Truncato
1233 640 1412 673 Protasius.

995 697 1089 730 Mors
1114 698 1250 730 istorum
1276 698 1431 738 pretiosa,

997 745 1075 778 Vita
1101 755 1234 787 quorum
1261 747 1408 786 speciosa

1047 793 1158 827 Talem
1187 794 1276 827 dedit
1304 795 1434 827 exitum.

890 852 973 885 111).
997 850 1097 883 Lenis
1122 854 1237 884 ventus
1263 856 1373 885 auster
1394 850 1499 893 flavit,

997 899 1182 933 Trituratos
1207 900 1388 941 ventilavit,

998 947 1198 981 Ventilatum
1224 948 1405 989 reportavit

890 697 974 731 1011.

1045 995 1204 1028 Triticum
1229 997 1264 1028 in
1289 997 1416 1030 horrea.

997 1053 1198 1087 Constitutos
1222 1054 1256 1086 in
1282 1062 1385 1095 agone

997 1100 1066 1133 Nos
1091 1103 1230 1143 illustra,
1256 1101 1335 1135 Jesu
1359 1102 1454 1141 bone,

1000 1148 1052 1181 Ne
1077 1149 1273 1182 frustremur
1298 1159 1357 1191 spe
1384 1158 1523 1183 coronae

999 1196 1066 1230 Sed
1090 1197 1236 1230 fruamur
1260 1197 1385 1231 visione

1046 1245 1277 1287 Redemptoris
1303 1247 1453 1279 omnium.

890 1053 974 1087 1212.

259 1317 345 1344 Miss.
373 1325 427 1345 ms.
450 1316 668 1344 Suessionense
688 1316 758 1351 imp.
780 1314 906 1342 Parisiis
929 1310 1014 1341 1516.
1035 1328 1076 1333 -
1094 1313 1166 1341 Mel.
1188 1312 1408 1341 selbstredend:
1441 1312 1531 1341 »Salve

182 1358 277 1383 mater
299 1354 468 1384 salvatoris.
491 1371 528 1375 —
550 1352 603 1389 611,
627 1353 643 1382 1
664 1354 739 1382 Post
757 1352 833 1380 haec
853 1355 947 1381 sonet.

525 1458 593 1489 247.
634 1458 679 1490 De
698 1465 739 1490 ss.
762 1455 913 1490 Gervasio
936 1455 969 1487 et
987 1455 1146 1487 Protasio.

181 1532 238 1564 1a.
266 1529 322 1563 Ad
348 1529 504 1563 honorem
530 1532 632 1572 tuum,
661 1529 800 1570 Christe,

265 1578 393 1611 Psallat
416 1579 479 1611 tibi
506 1578 624 1612 chorus
649 1579 713 1611 iste

313 1627 501 1669 Martyrum
525 1627 712 1671 praeconia,

180 1687 238 1718 2a.
266 1684 360 1718 Unus
388 1685 457 1718 dies
484 1687 535 1717 est
559 1685 689 1724 natalis,

265 1733 408 1773 Quorum
433 1736 529 1774 pater
555 1736 606 1765 est
629 1733 747 1766 Vitalis

313 1781 359 1814 Et
383 1784 488 1814 mater
513 1781 665 1823 Valeria3

180 1843 236 1875 3a.
265 1840 435 1874 Protasius
462 1843 513 1872 est
538 1842 682 1881 vocatus,

265 1888 442 1922 Gervasius
469 1891 545 1930 post
568 1888 646 1921 hinc
669 1890 775 1929 natus,

312 1937 413 1977 Quem
439 1936 568 1979 profert
592 1936 794 1978 martyrium,

177 1999 234 2032 4a.
263 1996 319 2029 Sic
343 1996 377 2029 in
402 1996 471 2030 fide
494 1996 642 2029 roborati

263 2046 347 2079 Sunt
370 2045 404 2078 in
430 2044 496 2078 fine
523 2044 670 2078 coronati

311 2093 417 2127 Felici
439 2093 608 2136 martyrio,

175 2156 232 2188 5a.
263 2152 365 2186 Vetus
390 2153 487 2186 homo
515 2151 690 2195 cruciatur,

259 2201 373 2235 Novus
398 2210 478 2235 vero
503 2203 681 2234 renovatur

311 2250 488 2284 Crescente
512 2248 684 2290 supplicio,

174 2313 231 2346 6a.
260 2311 312 2345 Ex
337 2310 491 2352 Aegypto
516 2307 715 2341 transtulisti

258 2361 345 2394 Istos
371 2362 470 2401 atque
494 2355 665 2399 perfecisti

306 2408 463 2442 Palmites
488 2408 523 2440 in
549 2406 678 2447 patria3

887 1527 946 1562 11).
969 1527 1042 1559 Duo
1065 1526 1186 1560 fratres
1212 1525 1247 1558 hi
1271 1524 1414 1566 fuerunt,

970 1576 1010 1609 In
1036 1584 1072 1609 se
1097 1584 1156 1617 pro
1182 1578 1216 1607 te
1240 1575 1447 1614 pertulerunt

1017 1624 1160 1658 Diversa
1189 1623 1361 1663 supplicia.

887 1682 948 1716 21).
973 1681 1063 1716 Clari
1087 1691 1148 1723 per
1172 1681 1398 1721 progenitores

969 1730 1035 1763 Sed
1057 1730 1203 1763 moribus
1230 1729 1385 1762 clariores

1017 1779 1114 1811 Fecit
1140 1777 1263 1811 Christi
1288 1778 1403 1819 gratia.

886 1836 947 1872 3b.
967 1836 1080 1869 Sancti
1105 1837 1201 1869 simul
1227 1835 1261 1867 hi
1286 1836 1402 1869 nutriti

970 1885 1011 1918 In
1035 1883 1102 1918 fide
1127 1887 1203 1917 sunt
1226 1885 1347 1918 eruditi

1019 1934 1085 1966 Per
1108 1936 1256 1966 sanctum
1282 1933 1469 1968 Nazanum.

883 1991 943 2026 4b.
967 1991 1048 2024 Cum
1073 1991 1250 2033 plumbatis
1277 1997 1326 2026 est
1341 1995 1526 2033 prostratus

968 2041 1073 2083 Unus,
1101 2041 1185 2074 alter
1212 2041 1391 2074 decollatus

1020 2089 1086 2123 Sub
1112 2090 1196 2123 duce
1221 2090 1363 2123 Astasio.

885 2148 945 2183 sb,
968 2148 1055 2181 Nam
1079 2148 1209 2189 requies
1234 2148 1337 2189 lapsis
1364 2150 1461 2182 datur
1484 2174 1487 2177 .

966 2197 1078 2230 Morte
1100 2197 1169 2230 vita
1195 2200 1414 2239 comparatur,

1016 2245 1121 2279 Dolor
1147 2246 1236 2278 cedit
1261 2247 1390 2287 gaudio.

883 2304 942 2339 6b.
965 2304 1021 2338 Sic
1045 2304 1078 2338 in
1106 2304 1235 2338 Christo
1261 2314 1340 2339 vera
1363 2306 1431 2339 vite

966 2353 1113 2387 Plantati
1139 2354 1288 2387 coelestis
1314 2355 1403 2388 vitae

1015 2402 1257 2444 Consequamur
1282 2404 1412 2447 gaudia.
