1652 2678
733 102 996 138 —193—

268 198 354 226 Miss.
374 207 430 226 ms.
455 198 669 228 Omnemeense
690 208 767 228 saec.
793 198 837 229 14.
860 200 932 229 Cod.
949 200 1155 228 Cameracens.
1181 196 1244 227 123.
1259 198 1295 226 A.
1316 213 1355 217 —
1373 198 1459 225 Miss.
1481 206 1536 225 ms.

187 235 394 265 Ambianense
423 246 499 266 saec.
524 236 568 267 15.
598 238 669 266 Cod.
689 237 884 267 Ambianens.
915 236 979 267 163.
1000 239 1035 266 Β.
1060 252 1099 257 —
1126 238 1211 266 Miss.
1232 238 1436 266 Ambianense
1462 238 1535 273 imp.

187 275 350 313 Rotomagi
372 273 447 305 1502
469 277 501 304 G.
524 292 564 296 —
584 278 670 306 Miss.
690 277 894 306 Ambianense
913 279 984 314 imp.
1005 277 1133 305 Parisiis
1158 274 1239 305 1529.
1262 277 1301 304 D.

640 390 707 422 256.
747 390 792 423 De
813 392 922 423 sancto
944 390 1091 422 Huberto.

189 469 248 502 la.
278 467 383 501 Canat
406 473 512 502 mater
537 470 685 503 dulcibus
894 471 954 504 lb.
978 471 1081 504 Laeta
1105 469 1219 503 flectat
1244 469 1389 511 genibus,

273 516 481 550 Hierusalem
504 519 657 551 laudibus
978 519 1109 553 Ohorda
1133 521 1235 560 sonet,
1260 518 1395 551 vocibus

318 565 434 599 Novae
460 567 545 599 cleos
571 567 705 607 gloriae,
1024 567 1150 600 Ducem
1179 567 1387 609 Aquitaniae.

187 625 246 657 2a.
273 624 339 656 Hic
361 624 530 657 Hubertus
558 625 686 667 dicitur,
891 625 951 658 ab.
974 626 1053 658 Post
1079 624 1290 658 Lambertum
1313 624 1451 665 capitur,

274 671 373 712 Cujus
398 673 486 705 vitae
511 673 629 713 legitur
973 673 1101 705 Honori
1126 672 1315 715 praeficitur

320 719 484 753 Sectatrix
506 720 664 762 justitiae,
1024 720 1135 754 Jubilo
1160 721 1382 762 symphoniae.

186 779 245 812 3a.
273 778 393 811 Pastor
418 777 525 811 factus
551 777 646 810 ovilis
890 778 952 813 ab.
976 779 1109 812 Omnem
1135 779 1295 820 praebens
1321 778 1459 811 servulis

268 826 381 859 Pascit
406 835 536 868 gregem
556 825 690 858 humilis
973 826 1165 860 Doctrinam
1192 827 1332 860 affabilis

318 874 519 915 Tungrensis
543 875 709 918 ecclesiae,
1021 875 1128 908 Verae
1150 875 1341 916 sapientiae,

181 933 243 965 4a.
272 931 348 964 Non
372 932 520 974 ingratus
547 932 674 965 meritis
888 932 948 967 4b.
973 933 1037 965 Illa
1062 936 1158 973 paret
1180 933 1322 974 monitis,

268 981 449 1014 Sanitatem
476 981 652 1014 contractis
974 980 1091 1013 Grates
1116 980 1220 1014 refert
1246 980 1366 1014 debitis

266 1029 419 1061 Mulieris
447 1030 558 1071 digitis
973 1029 1118 1062 Vocibus
1142 1039 1208 1062 non
1230 1029 1340 1062 tacitis

316 1077 420 1110 Dedit
445 1078 650 1112 temerariae.
1021 1077 1145 1110 Intuitu
1171 1078 1306 1119 gratiae.

182 1136 240 1169 5a.
268 1135 490 1169 Obscurarum
888 1135 947 1169 5b.
971 1136 1155 1168 Arenarum

263 1184 487 1217 Tenebrarum
970 1183 1055 1216 Dum
1083 1183 1242 1216 siccarum

265 1233 424 1273 Princeps
448 1232 541 1274 fugit,
569 1232 646 1264 dum
663 1231 824 1264 minarum
971 1231 1067 1265 Mosa
1091 1233 1191 1272 plena
1216 1230 1263 1271 fit,
1289 1240 1446 1272 aquarum

312 1280 410 1322 Signo
438 1282 537 1314 cessit
559 1279 724 1319 invidiae3
1018 1279 1115 1313 Dona
1142 1281 1198 1313 dat
1224 1279 1454 1313 abundantiae.

178 1340 234 1373 6a.
261 1339 287 1373 Ο
313 1340 510 1384 mirandum,
540 1339 616 1372 dum
642 1339 801 1380 sacratur,
886 1338 947 1373 6b.
968 1338 1053 1378 Quid
1071 1337 1303 1378 quaerendum,
1325 1345 1412 1369 nunc
1428 1337 1530 1370 habe-

1295 1388 1350 1417 tur

265 1436 291 1469 Ο
319 1437 538 1477 gaudendum,
566 1436 651 1469 stola
678 1436 774 1469 datur
971 1435 1063 1476 Quod
1088 1435 1260 1476 agendum,
1286 1409 1497 1466 hic’dicatur

307 1485 448 1518 Inimica
469 1484 585 1530 furiae,
1015 1483 1157 1516 Divinae
1181 1483 1357 1524 potentiae.

175 1545 194 1577 7
207 1552 236 1576 a.
264 1544 353 1577 Ecce
380 1547 473 1577 curat
501 1543 724 1585 languentium
884 1542 944 1576 71).
966 1542 1025 1574 Nil
1050 1543 1169 1583 renuit,
1194 1541 1375 1582 petentium

261 1592 408 1632 Morbos,
437 1595 532 1626 sanat
558 1592 736 1625 dolentium
965 1590 1059 1624 Votis
1086 1591 1181 1623 adest
1205 1590 1402 1630 mortalium,

257 1640 304 1673 Et
326 1640 479 1675 dentibus
505 1640 715 1674 stridentium
967 1639 1024 1672 Ad
1050 1647 1085 1671 se
1110 1640 1165 1680 pie
1192 1638 1399 1671 clamantium

309 1689 340 1721 A
366 1690 532 1729 pervicaci
557 1688 660 1721 rabie.
1018 1686 1149 1720 Gemitu
1175 1686 1402 1720 conscientiae.

175 1749 235 1782 8a.
264 1747 290 1780 Ο
317 1746 478 1789 Hubert-2,
506 1745 567 1780 flos
593 1746 735 1786 virtum,
883 1746 942 1779 81).
969 1745 1016 1779 Ut
1040 1746 1202 1786 possimus
1230 1753 1301 1776 cum
1326 1744 1434 1777 beatis

258 1796 381 1836 Vigens
406 1795 488 1829 flore
513 1795 705 1835 sanctitatis,
965 1795 1054 1826 Ante
1078 1793 1231 1826 thronum
1256 1792 1417 1825 trinitatis

260 1843 358 1877 Solve
382 1843 510 1877 vinctos
537 1853 557 1876 a
580 1843 725 1884 peccatis
968 1842 1052 1876 Frui
1073 1841 1148 1874 luce
1174 1841 1333 1875 claritatis

309 1892 361 1926 De
386 1892 461 1926 lacu
486 1893 649 1933 miseriae,
1016 1890 1063 1923 Et
1086 1890 1219 1930 placida
1243 1890 1366 1931 requie.

587 1952 618 1984 9.
645 1950 752 1983 Amen
782 1951 871 1984 dicat
895 1958 955 1982 rex
979 1948 1113 1990 gloriae.

250 2030 337 2058 Miss.
366 2037 422 2057 ms.
449 2029 683 2057 Marchianense
710 2035 787 2056 saec.
815 2025 860 2056 16.
886 2028 927 2055 in.
951 2026 1022 2055 Cod.
1042 2027 1192 2055 Duacens.
1220 2023 1258 2054 89
1278 2025 1314 2053 A.
1339 2041 1378 2045 —
1405 2026 1524 2055 Prosar.

169 2079 226 2098 ms.
247 2068 480 2098 Marchianense
501 2076 578 2096 saec.
603 2066 648 2095 15.
671 2066 741 2095 Ood.
762 2068 913 2096 Duaeens.
936 2063 1001 2095 123.
1023 2066 1058 2093 B.

625 2191 694 2223 257.
737 2191 782 2224 De
803 2192 912 2223 sancto
934 2190 1085 2222 Huberto.

168 2279 227 2313 la.
257 2276 328 2310 Vox
355 2275 398 2308 de
423 2274 515 2307 caelo
879 2272 939 2307 lb.
963 2272 1029 2305 Est
1051 2271 1220 2305 Hubertus

254 2325 409 2360 Resultet
433 2333 505 2356 cum
533 2322 621 2355 dulci
645 2322 743 2363 melo,
962 2321 1041 2354 Cum
1050 2321 1180 2356 Christo
1193 2321 1398 2363 triumphans
1413 2327 1520 2356 certus

302 2373 459 2416 Alleluia.
1008 2369 1060 2403 De
1084 2369 1198 2411 gloria.

220 2433 300 2456 Drev
308 2436 338 2454 es
346 2447 353 2458 ‚
369 2429 520 2459 sequentiae
531 2426 649 2451 Ineditae.
680 2425 726 2448 111.
1309 2416 1345 2447 13
