<?xml version="1.0" encoding="UTF-8"?>
<!DOCTYPE html PUBLIC "-//W3C//DTD XHTML 1.0 Transitional//EN"
    "http://www.w3.org/TR/xhtml1/DTD/xhtml1-transitional.dtd">
<html xmlns="http://www.w3.org/1999/xhtml" xml:lang="en" lang="en">
 <head>
  <title>
</title>
<meta http-equiv="Content-Type" content="text/html;charset=utf-8" />
  <meta name='ocr-system' content='tesseract 3.04.00' />
  <meta name='ocr-capabilities' content='ocr_page ocr_carea ocr_par ocr_line ocrx_word'/>
</head>
<body>
  <div class='ocr_page' id='page_1' title='image "./analectahymnica10drevuoft_00317.png"; bbox 0 0 1652 2678; ppageno 0'>
   <div class='ocr_carea' id='block_1_1' title="bbox 237 218 294 251">
    <p class='ocr_par' dir='ltr' id='par_1_1' title="bbox 237 218 294 251">
     <span class='ocr_line' id='line_1_1' title="bbox 237 218 294 251; baseline -0.053 0"><span class='ocrx_word' id='word_1_1' title='bbox 237 218 294 251; x_wconf 72' lang='lat' dir='ltr'>Sa.</span> 
     </span>
    </p>
   </div>
   <div class='ocr_carea' id='block_1_2' title="bbox 235 419 292 452">
    <p class='ocr_par' dir='ltr' id='par_1_2' title="bbox 235 419 292 452">
     <span class='ocr_line' id='line_1_2' title="bbox 235 419 292 452; baseline -0.035 0"><span class='ocrx_word' id='word_1_2' title='bbox 235 419 292 452; x_wconf 84' lang='lat' dir='ltr'>4a.</span> 
     </span>
    </p>
   </div>
   <div class='ocr_carea' id='block_1_3' title="bbox 237 621 293 653">
    <p class='ocr_par' dir='ltr' id='par_1_3' title="bbox 237 621 293 653">
     <span class='ocr_line' id='line_1_3' title="bbox 237 621 293 653; baseline -0.036 0"><span class='ocrx_word' id='word_1_3' title='bbox 237 621 293 653; x_wconf 87' lang='lat' dir='ltr'>5a.</span> 
     </span>
    </p>
   </div>
   <div class='ocr_carea' id='block_1_4' title="bbox 233 1076 289 1109">
    <p class='ocr_par' dir='ltr' id='par_1_4' title="bbox 233 1076 289 1109">
     <span class='ocr_line' id='line_1_4' title="bbox 233 1076 289 1109; baseline 0 0"><span class='ocrx_word' id='word_1_4' title='bbox 233 1076 289 1109; x_wconf 81' lang='lat' dir='ltr'>la.</span> 
     </span>
    </p>
   </div>
   <div class='ocr_carea' id='block_1_5' title="bbox 234 1231 291 1263">
    <p class='ocr_par' dir='ltr' id='par_1_5' title="bbox 234 1231 291 1263">
     <span class='ocr_line' id='line_1_5' title="bbox 234 1231 291 1263; baseline -0.018 0"><span class='ocrx_word' id='word_1_5' title='bbox 234 1231 291 1263; x_wconf 70' lang='lat'>22.</span> 
     </span>
    </p>
   </div>
   <div class='ocr_carea' id='block_1_6' title="bbox 234 1383 290 1416">
    <p class='ocr_par' dir='ltr' id='par_1_6' title="bbox 234 1383 290 1416">
     <span class='ocr_line' id='line_1_6' title="bbox 234 1383 290 1416; baseline -0.036 0"><span class='ocrx_word' id='word_1_6' title='bbox 234 1383 290 1416; x_wconf 84' lang='lat' dir='ltr'>3a.</span> 
     </span>
    </p>
   </div>
   <div class='ocr_carea' id='block_1_7' title="bbox 230 1538 287 1571">
    <p class='ocr_par' dir='ltr' id='par_1_7' title="bbox 230 1538 287 1571">
     <span class='ocr_line' id='line_1_7' title="bbox 230 1538 287 1571; baseline -0.088 0"><span class='ocrx_word' id='word_1_7' title='bbox 230 1538 287 1571; x_wconf 84' lang='lat' dir='ltr'>4a.</span> 
     </span>
    </p>
   </div>
   <div class='ocr_carea' id='block_1_8' title="bbox 230 1685 287 1718">
    <p class='ocr_par' dir='ltr' id='par_1_8' title="bbox 230 1685 287 1718">
     <span class='ocr_line' id='line_1_8' title="bbox 230 1685 287 1718; baseline -0.018 0"><span class='ocrx_word' id='word_1_8' title='bbox 230 1685 287 1718; x_wconf 86' lang='lat' dir='ltr'>5a.</span> 
     </span>
    </p>
   </div>
   <div class='ocr_carea' id='block_1_9' title="bbox 230 1883 286 1915">
    <p class='ocr_par' dir='ltr' id='par_1_9' title="bbox 230 1883 286 1915">
     <span class='ocr_line' id='line_1_9' title="bbox 230 1883 286 1915; baseline -0.036 0"><span class='ocrx_word' id='word_1_9' title='bbox 230 1883 286 1915; x_wconf 87' lang='lat' dir='ltr'>6a.</span> 
     </span>
    </p>
   </div>
   <div class='ocr_carea' id='block_1_10' title="bbox 764 116 1029 153">
    <p class='ocr_par' dir='ltr' id='par_1_10' title="bbox 764 116 1029 153">
     <span class='ocr_line' id='line_1_10' title="bbox 764 116 1029 153; baseline 0.004 -1"><span class='ocrx_word' id='word_1_10' title='bbox 764 116 1029 153; x_wconf 79' lang='lat'>—314—</span> 
     </span>
    </p>
   </div>
   <div class='ocr_carea' id='block_1_11' title="bbox 318 214 1468 255">
    <p class='ocr_par' dir='ltr' id='par_1_11' title="bbox 318 214 1468 255">
     <span class='ocr_line' id='line_1_11' title="bbox 318 214 1468 255; baseline -0.002 -7"><span class='ocrx_word' id='word_1_11' title='bbox 318 215 502 250; x_wconf 77' lang='lat' dir='ltr'>Foeditatis</span> <span class='ocrx_word' id='word_1_12' title='bbox 527 216 690 250; x_wconf 82' lang='lat' dir='ltr'>officinam</span> <span class='ocrx_word' id='word_1_13' title='bbox 931 214 990 249; x_wconf 69' lang='lat' dir='ltr'>ab.</span> <span class='ocrx_word' id='word_1_14' title='bbox 1011 215 1083 248; x_wconf 77' lang='lat' dir='ltr'>Deo</span> <span class='ocrx_word' id='word_1_15' title='bbox 1107 215 1220 255; x_wconf 85' lang='lat' dir='ltr'>plures</span> <span class='ocrx_word' id='word_1_16' title='bbox 1242 216 1282 245; x_wconf 85' lang='lat' dir='ltr'>ut</span> <span class='ocrx_word' id='word_1_17' title='bbox 1305 214 1468 255; x_wconf 75' lang='lat' dir='ltr'>adquirat,</span> 
     </span>
    </p>
   </div>
   <div class='ocr_carea' id='block_1_12' title="bbox 317 261 1572 806">
    <p class='ocr_par' dir='ltr' id='par_1_12' title="bbox 317 261 1572 806">
     <span class='ocr_line' id='line_1_12' title="bbox 318 261 1572 305; baseline -0.001 -8"><span class='ocrx_word' id='word_1_18' title='bbox 318 264 455 298; x_wconf 89' lang='lat' dir='ltr'>Domum</span> <span class='ocrx_word' id='word_1_19' title='bbox 481 268 586 298; x_wconf 89' lang='lat' dir='ltr'>mutat</span> <span class='ocrx_word' id='word_1_20' title='bbox 609 266 644 298; x_wconf 90' lang='lat' dir='ltr'>in</span> <span class='ocrx_word' id='word_1_21' title='bbox 669 264 822 305; x_wconf 87' lang='lat' dir='ltr'>divinam,</span> <span class='ocrx_word' id='word_1_22' title='bbox 1013 262 1100 296; x_wconf 89' lang='lat' dir='ltr'>Dum</span> <span class='ocrx_word' id='word_1_23' title='bbox 1125 261 1276 302; x_wconf 81' lang='lat' dir='ltr'>intendit,</span> <span class='ocrx_word' id='word_1_24' title='bbox 1305 262 1381 295; x_wconf 85' lang='lat' dir='ltr'>dum</span> <span class='ocrx_word' id='word_1_25' title='bbox 1410 262 1572 305; x_wconf 82' lang='lat' dir='ltr'>adspirat,</span> 
     </span>
     <span class='ocr_line' id='line_1_13' title="bbox 320 310 1473 354; baseline -0.003 -8"><span class='ocrx_word' id='word_1_26' title='bbox 320 312 389 352; x_wconf 79' lang='lat' dir='ltr'>Qua</span> <span class='ocrx_word' id='word_1_27' title='bbox 421 314 610 354; x_wconf 86' lang='lat' dir='ltr'>supplantat</span> <span class='ocrx_word' id='word_1_28' title='bbox 634 321 709 346; x_wconf 87' lang='lat' dir='ltr'>rosa</span> <span class='ocrx_word' id='word_1_29' title='bbox 733 312 869 353; x_wconf 87' lang='lat' dir='ltr'>spinam,</span> <span class='ocrx_word' id='word_1_30' title='bbox 1014 310 1117 344; x_wconf 88' lang='lat' dir='ltr'>Divus</span> <span class='ocrx_word' id='word_1_31' title='bbox 1143 311 1211 343; x_wconf 89' lang='lat' dir='ltr'>ales</span> <span class='ocrx_word' id='word_1_32' title='bbox 1235 310 1343 343; x_wconf 91' lang='lat' dir='ltr'>locum</span> <span class='ocrx_word' id='word_1_33' title='bbox 1367 314 1473 353; x_wconf 85' lang='lat' dir='ltr'><strong>gyrat,</strong></span> 
     </span>
     <span class='ocr_line' id='line_1_14' title="bbox 367 358 1498 399; baseline -0.002 -5"><span class='ocrx_word' id='word_1_34' title='bbox 367 361 550 394; x_wconf 81' lang='lat' dir='ltr'>Saliuncam</span> <span class='ocrx_word' id='word_1_35' title='bbox 574 361 688 394; x_wconf 88' lang='lat' dir='ltr'>lilium.</span> <span class='ocrx_word' id='word_1_36' title='bbox 790 396 793 399; x_wconf 60' lang='grc'><strong>,</strong></span> <span class='ocrx_word' id='word_1_37' title='bbox 1063 358 1131 398; x_wconf 80' lang='lat' dir='ltr'>Quo</span> <span class='ocrx_word' id='word_1_38' title='bbox 1156 358 1274 392; x_wconf 85' lang='lat' dir='ltr'>fundet</span> <span class='ocrx_word' id='word_1_39' title='bbox 1299 359 1498 392; x_wconf 87' lang='lat' dir='ltr'>coenobium.</span> 
     </span>
     <span class='ocr_line' id='line_1_15' title="bbox 317 416 1464 460; baseline -0.002 -9"><span class='ocrx_word' id='word_1_40' title='bbox 317 418 417 460; x_wconf 85' lang='lat' dir='ltr'>Regis</span> <span class='ocrx_word' id='word_1_41' title='bbox 441 422 550 452; x_wconf 79' lang='lat' dir='ltr'>natam</span> <span class='ocrx_word' id='word_1_42' title='bbox 574 417 743 450; x_wconf 79' lang='lat' dir='ltr'><strong>suscitavit</strong></span> <span class='ocrx_word' id='word_1_43' title='bbox 930 416 990 451; x_wconf 85' lang='lat' dir='ltr'>4b.</span> <span class='ocrx_word' id='word_1_44' title='bbox 1015 416 1192 457; x_wconf 80' lang='lat' dir='ltr'>Sexaginta</span> <span class='ocrx_word' id='word_1_45' title='bbox 1217 416 1329 449; x_wconf 86' lang='lat' dir='ltr'>decem</span> <span class='ocrx_word' id='word_1_46' title='bbox 1350 416 1464 450; x_wconf 87' lang='lat' dir='ltr'>lustris</span> 
     </span>
     <span class='ocr_line' id='line_1_16' title="bbox 318 464 1506 507; baseline -0.002 -8"><span class='ocrx_word' id='word_1_47' title='bbox 318 466 365 499; x_wconf 89' lang='lat' dir='ltr'>Et</span> <span class='ocrx_word' id='word_1_48' title='bbox 388 467 465 499; x_wconf 91' lang='lat' dir='ltr'>huic</span> <span class='ocrx_word' id='word_1_49' title='bbox 488 467 595 498; x_wconf 91' lang='lat' dir='ltr'>lumen</span> <span class='ocrx_word' id='word_1_50' title='bbox 619 466 796 507; x_wconf 83' lang='lat' dir='ltr'>reparavit,</span> <span class='ocrx_word' id='word_1_51' title='bbox 1012 464 1151 498; x_wconf 85' lang='lat' dir='ltr'>Manens</span> <span class='ocrx_word' id='word_1_52' title='bbox 1175 465 1268 497; x_wconf 89' lang='lat' dir='ltr'>nulla</span> <span class='ocrx_word' id='word_1_53' title='bbox 1289 465 1365 498; x_wconf 88' lang='lat' dir='ltr'>labe</span> <span class='ocrx_word' id='word_1_54' title='bbox 1388 465 1506 506; x_wconf 83' lang='lat' dir='ltr'>putris,</span> 
     </span>
     <span class='ocr_line' id='line_1_17' title="bbox 319 512 1473 554; baseline -0.002 -7"><span class='ocrx_word' id='word_1_55' title='bbox 319 515 415 548; x_wconf 87' lang='lat' dir='ltr'>Coelo</span> <span class='ocrx_word' id='word_1_56' title='bbox 441 514 550 547; x_wconf 88' lang='lat' dir='ltr'>datum</span> <span class='ocrx_word' id='word_1_57' title='bbox 575 523 633 546; x_wconf 86' lang='lat' dir='ltr'>rex</span> <span class='ocrx_word' id='word_1_58' title='bbox 657 513 802 546; x_wconf 85' lang='lat' dir='ltr'>humavit</span> <span class='ocrx_word' id='word_1_59' title='bbox 1014 512 1101 546; x_wconf 88' lang='lat' dir='ltr'>Tolli</span> <span class='ocrx_word' id='word_1_60' title='bbox 1125 514 1239 554; x_wconf 83' lang='lat' dir='ltr'>nequit</span> <span class='ocrx_word' id='word_1_61' title='bbox 1262 513 1314 546; x_wconf 93' lang='lat' dir='ltr'>vir</span> <span class='ocrx_word' id='word_1_62' title='bbox 1337 513 1473 546; x_wconf 84' lang='lat' dir='ltr'>illustris</span> 
     </span>
     <span class='ocr_line' id='line_1_18' title="bbox 369 561 1441 603; baseline -0.001 -8"><span class='ocrx_word' id='word_1_63' title='bbox 369 561 498 595; x_wconf 88' lang='lat' dir='ltr'>Celebri</span> <span class='ocrx_word' id='word_1_64' title='bbox 523 561 716 603; x_wconf 84' lang='lat' dir='ltr'>frequentia.</span> <span class='ocrx_word' id='word_1_65' title='bbox 1060 561 1196 602; x_wconf 83' lang='lat' dir='ltr'>Absque</span> <span class='ocrx_word' id='word_1_66' title='bbox 1219 570 1318 594; x_wconf 86' lang='lat' dir='ltr'>manu</span> <span class='ocrx_word' id='word_1_67' title='bbox 1341 562 1441 603; x_wconf 87' lang='lat' dir='ltr'>regia.</span> 
     </span>
     <span class='ocr_line' id='line_1_19' title="bbox 319 618 1511 661; baseline 0.001 -10"><span class='ocrx_word' id='word_1_68' title='bbox 319 618 426 652; x_wconf 87' lang='lat' dir='ltr'>Laudi</span> <span class='ocrx_word' id='word_1_69' title='bbox 452 627 600 651; x_wconf 87' lang='lat' dir='ltr'>crescens</span> <span class='ocrx_word' id='word_1_70' title='bbox 626 621 660 651; x_wconf 88' lang='lat' dir='ltr'>et</span> <span class='ocrx_word' id='word_1_71' title='bbox 683 618 799 652; x_wconf 89' lang='lat' dir='ltr'>honori</span> <span class='ocrx_word' id='word_1_72' title='bbox 931 619 991 654; x_wconf 89' lang='lat' dir='ltr'>5b.</span> <span class='ocrx_word' id='word_1_73' title='bbox 1012 618 1147 660; x_wconf 85' lang='lat' dir='ltr'>Absque</span> <span class='ocrx_word' id='word_1_74' title='bbox 1171 619 1271 661; x_wconf 83' lang='lat' dir='ltr'>signis</span> <span class='ocrx_word' id='word_1_75' title='bbox 1296 628 1361 652; x_wconf 90' lang='lat' dir='ltr'>non</span> <span class='ocrx_word' id='word_1_76' title='bbox 1386 619 1511 652; x_wconf 90' lang='lat' dir='ltr'>moveri</span> 
     </span>
     <span class='ocr_line' id='line_1_20' title="bbox 319 666 1486 710; baseline 0.002 -11"><span class='ocrx_word' id='word_1_77' title='bbox 319 667 406 700; x_wconf 89' lang='lat' dir='ltr'>Vase</span> <span class='ocrx_word' id='word_1_78' title='bbox 429 670 505 708; x_wconf 90' lang='lat' dir='ltr'>post</span> <span class='ocrx_word' id='word_1_79' title='bbox 528 667 609 700; x_wconf 88' lang='lat' dir='ltr'>haec</span> <span class='ocrx_word' id='word_1_80' title='bbox 632 666 762 708; x_wconf 87' lang='lat' dir='ltr'>potiori,</span> <span class='ocrx_word' id='word_1_81' title='bbox 1013 668 1126 701; x_wconf 86' lang='lat' dir='ltr'>Potest</span> <span class='ocrx_word' id='word_1_82' title='bbox 1151 668 1235 701; x_wconf 83' lang='lat' dir='ltr'>tanti</span> <span class='ocrx_word' id='word_1_83' title='bbox 1261 676 1378 708; x_wconf 81' lang='lat' dir='ltr'>corpus</span> <span class='ocrx_word' id='word_1_84' title='bbox 1403 668 1486 710; x_wconf 82' lang='lat' dir='ltr'>heri,</span> 
     </span>
     <span class='ocr_line' id='line_1_21' title="bbox 318 714 1420 757; baseline 0.001 -9"><span class='ocrx_word' id='word_1_85' title='bbox 318 715 414 748; x_wconf 82' lang='lat' dir='ltr'>Nunc</span> <span class='ocrx_word' id='word_1_86' title='bbox 440 725 480 748; x_wconf 82' lang='lat' dir='ltr'>ex</span> <span class='ocrx_word' id='word_1_87' title='bbox 504 724 583 748; x_wconf 90' lang='lat' dir='ltr'>auro</span> <span class='ocrx_word' id='word_1_88' title='bbox 609 715 738 748; x_wconf 79' lang='lat' dir='ltr'>cultiori</span> <span class='ocrx_word' id='word_1_89' title='bbox 1013 714 1060 749; x_wconf 91' lang='lat' dir='ltr'>Ut</span> <span class='ocrx_word' id='word_1_90' title='bbox 1085 725 1196 749; x_wconf 88' lang='lat' dir='ltr'>aroma</span> <span class='ocrx_word' id='word_1_91' title='bbox 1220 717 1333 757; x_wconf 89' lang='lat' dir='ltr'>nequit</span> <span class='ocrx_word' id='word_1_92' title='bbox 1357 717 1420 749; x_wconf 90' lang='lat' dir='ltr'>teri</span> 
     </span>
     <span class='ocr_line' id='line_1_22' title="bbox 368 762 1449 806; baseline 0.003 -11"><span class='ocrx_word' id='word_1_93' title='bbox 368 763 474 804; x_wconf 86' lang='lat' dir='ltr'>Capsa</span> <span class='ocrx_word' id='word_1_94' title='bbox 498 762 602 804; x_wconf 76' lang='lat' dir='ltr'>fulget</span> <span class='ocrx_word' id='word_1_95' title='bbox 623 763 731 797; x_wconf 79' lang='lat' dir='ltr'>te1tia.</span> <span class='ocrx_word' id='word_1_96' title='bbox 1062 763 1136 796; x_wconf 86' lang='lat' dir='ltr'>Nisi</span> <span class='ocrx_word' id='word_1_97' title='bbox 1162 774 1234 798; x_wconf 88' lang='lat' dir='ltr'>cum</span> <span class='ocrx_word' id='word_1_98' title='bbox 1258 763 1449 806; x_wconf 84' lang='lat' dir='ltr'>fragrantia.</span> 
     </span>
    </p>
   </div>
   <div class='ocr_carea' id='block_1_13' title="bbox 678 821 1123 905">
    <p class='ocr_par' dir='ltr' id='par_1_13' title="bbox 678 821 1123 905">
     <span class='ocr_line' id='line_1_23' title="bbox 678 821 1123 863; baseline -0.002 -9"><span class='ocrx_word' id='word_1_99' title='bbox 678 822 710 854; x_wconf 90' lang='lat'>6.</span> <span class='ocrx_word' id='word_1_100' title='bbox 738 822 836 862; x_wconf 85' lang='lat' dir='ltr'>Cujus</span> <span class='ocrx_word' id='word_1_101' title='bbox 861 829 995 861; x_wconf 88' lang='lat' dir='ltr'>precum</span> <span class='ocrx_word' id='word_1_102' title='bbox 1017 821 1123 863; x_wconf 86' lang='lat' dir='ltr'>gratia</span> 
     </span>
     <span class='ocr_line' id='line_1_24' title="bbox 737 869 1111 905; baseline 0.005 -3"><span class='ocrx_word' id='word_1_103' title='bbox 737 869 840 903; x_wconf 87' lang='lat' dir='ltr'>Nobis</span> <span class='ocrx_word' id='word_1_104' title='bbox 868 869 924 901; x_wconf 87' lang='lat' dir='ltr'>det</span> <span class='ocrx_word' id='word_1_105' title='bbox 949 869 1111 905; x_wconf 85' lang='lat' dir='ltr'>coelestia.</span> 
     </span>
    </p>
   </div>
   <div class='ocr_carea' id='block_1_14' title="bbox 312 928 1263 959">
    <p class='ocr_par' dir='ltr' id='par_1_14' title="bbox 312 928 1263 959">
     <span class='ocr_line' id='line_1_25' title="bbox 312 928 1263 959; baseline 0.001 -1"><span class='ocrx_word' id='word_1_106' title='bbox 312 930 431 958; x_wconf 86' lang='lat' dir='ltr'>Prosar.</span> <span class='ocrx_word' id='word_1_107' title='bbox 451 938 506 958; x_wconf 89' lang='lat' dir='ltr'>ms.</span> <span class='ocrx_word' id='word_1_108' title='bbox 526 929 558 958; x_wconf 80' lang='lat' dir='ltr'>S.</span> <span class='ocrx_word' id='word_1_109' title='bbox 582 930 759 959; x_wconf 82' lang='lat' dir='ltr'>Theoderici</span> <span class='ocrx_word' id='word_1_110' title='bbox 778 939 855 959; x_wconf 85' lang='lat' dir='ltr'>saec.</span> <span class='ocrx_word' id='word_1_111' title='bbox 879 928 923 958; x_wconf 66' lang='grc' dir='ltr'>1ἔῖ-</span> <span class='ocrx_word' id='word_1_112' title='bbox 947 930 1018 959; x_wconf 87' lang='lat' dir='ltr'>Cod.</span> <span class='ocrx_word' id='word_1_113' title='bbox 1038 930 1176 959; x_wconf 87' lang='lat' dir='ltr'>Remens.</span> <span class='ocrx_word' id='word_1_114' title='bbox 1197 929 1263 959; x_wconf 84' lang='lat'>279.</span> 
     </span>
    </p>
   </div>
   <div class='ocr_carea' id='block_1_15' title="bbox 642 1014 1153 1056">
    <p class='ocr_par' dir='ltr' id='par_1_15' title="bbox 642 1014 1153 1056">
     <span class='ocr_line' id='line_1_26' title="bbox 642 1014 1153 1056; baseline 0 -10"><span class='ocrx_word' id='word_1_115' title='bbox 642 1014 704 1047; x_wconf 85' lang='lat'>417.</span> <span class='ocrx_word' id='word_1_116' title='bbox 746 1015 791 1047; x_wconf 90' lang='lat' dir='ltr'>De</span> <span class='ocrx_word' id='word_1_117' title='bbox 812 1015 922 1047; x_wconf 83' lang='lat' dir='ltr'>sancto</span> <span class='ocrx_word' id='word_1_118' title='bbox 943 1014 1153 1056; x_wconf 81' lang='lat' dir='ltr'>Theodulpho.</span> 
     </span>
    </p>
   </div>
   <div class='ocr_carea' id='block_1_16' title="bbox 312 1074 1430 2071">
    <p class='ocr_par' dir='ltr' id='par_1_16' title="bbox 312 1074 1430 2071">
     <span class='ocr_line' id='line_1_27' title="bbox 317 1074 1219 1118; baseline 0.001 -10"><span class='ocrx_word' id='word_1_119' title='bbox 317 1074 519 1109; x_wconf 81' lang='lat' dir='ltr'>sanctissimi</span> <span class='ocrx_word' id='word_1_120' title='bbox 928 1076 988 1110; x_wconf 91' lang='lat' dir='ltr'>1b.</span> <span class='ocrx_word' id='word_1_121' title='bbox 1011 1076 1219 1118; x_wconf 89' lang='lat' dir='ltr'>Theodulphi</span> 
     </span>
     <span class='ocr_line' id='line_1_28' title="bbox 314 1123 1379 1158; baseline 0.002 -2"><span class='ocrx_word' id='word_1_122' title='bbox 314 1123 432 1156; x_wconf 85' lang='lat' dir='ltr'>Militis</span> <span class='ocrx_word' id='word_1_123' title='bbox 457 1124 566 1157; x_wconf 87' lang='lat' dir='ltr'>votiva</span> <span class='ocrx_word' id='word_1_124' title='bbox 591 1123 676 1157; x_wconf 83' lang='lat' dir='ltr'>festa</span> <span class='ocrx_word' id='word_1_125' title='bbox 1010 1124 1131 1157; x_wconf 86' lang='lat' dir='ltr'>Merita</span> <span class='ocrx_word' id='word_1_126' title='bbox 1156 1124 1246 1158; x_wconf 87' lang='lat' dir='ltr'>fideli</span> <span class='ocrx_word' id='word_1_127' title='bbox 1271 1128 1379 1158; x_wconf 89' lang='lat' dir='ltr'>mente</span> 
     </span>
     <span class='ocr_line' id='line_1_29' title="bbox 362 1172 1275 1215; baseline 0.002 -11"><span class='ocrx_word' id='word_1_128' title='bbox 362 1172 566 1215; x_wconf 82' lang='lat' dir='ltr'>Recolamus‚</span> <span class='ocrx_word' id='word_1_129' title='bbox 1058 1172 1275 1206; x_wconf 74' lang='lat' dir='ltr'>Extonamus,</span> 
     </span>
     <span class='ocr_line' id='line_1_30' title="bbox 317 1228 1323 1272; baseline 0.002 -11"><span class='ocrx_word' id='word_1_130' title='bbox 317 1228 425 1270; x_wconf 85' lang='lat' dir='ltr'>Digne</span> <span class='ocrx_word' id='word_1_131' title='bbox 449 1230 541 1270; x_wconf 85' lang='lat' dir='ltr'>regni</span> <span class='ocrx_word' id='word_1_132' title='bbox 565 1230 670 1271; x_wconf 84' lang='lat' dir='ltr'>gloria</span> <span class='ocrx_word' id='word_1_133' title='bbox 927 1230 991 1264; x_wconf 85' lang='lat' dir='ltr'>2b.</span> <span class='ocrx_word' id='word_1_134' title='bbox 1014 1230 1094 1263; x_wconf 84' lang='lat' dir='ltr'>Fuit</span> <span class='ocrx_word' id='word_1_135' title='bbox 1118 1234 1151 1262; x_wconf 87' lang='lat' dir='ltr'>et</span> <span class='ocrx_word' id='word_1_136' title='bbox 1176 1231 1323 1272; x_wconf 86' lang='lat' dir='ltr'>angelica</span> 
     </span>
     <span class='ocr_line' id='line_1_31' title="bbox 317 1277 1367 1318; baseline 0.002 -8"><span class='ocrx_word' id='word_1_137' title='bbox 317 1277 481 1318; x_wconf 76' lang='lat' dir='ltr'>Sacraque</span> <span class='ocrx_word' id='word_1_138' title='bbox 504 1278 658 1318; x_wconf 87' lang='lat' dir='ltr'>prosapia</span> <span class='ocrx_word' id='word_1_139' title='bbox 1012 1277 1119 1318; x_wconf 88' lang='lat' dir='ltr'>Hujus</span> <span class='ocrx_word' id='word_1_140' title='bbox 1143 1279 1231 1311; x_wconf 89' lang='lat' dir='ltr'>vitae</span> <span class='ocrx_word' id='word_1_141' title='bbox 1255 1279 1367 1312; x_wconf 89' lang='lat' dir='ltr'>lucida</span> 
     </span>
     <span class='ocr_line' id='line_1_32' title="bbox 364 1324 1339 1361; baseline 0.002 -3"><span class='ocrx_word' id='word_1_142' title='bbox 364 1324 526 1358; x_wconf 88' lang='lat' dir='ltr'>Oriundus</span> <span class='ocrx_word' id='word_1_143' title='bbox 1060 1325 1167 1359; x_wconf 87' lang='lat' dir='ltr'>Corde</span> <span class='ocrx_word' id='word_1_144' title='bbox 1190 1327 1339 1361; x_wconf 81' lang='lat' dir='ltr'>mundus,</span> 
     </span>
     <span class='ocr_line' id='line_1_33' title="bbox 317 1382 1346 1426; baseline 0.002 -12"><span class='ocrx_word' id='word_1_145' title='bbox 317 1382 429 1415; x_wconf 91' lang='lat' dir='ltr'>Omnis</span> <span class='ocrx_word' id='word_1_146' title='bbox 453 1382 541 1414; x_wconf 80' lang='lat' dir='ltr'>vitae</span> <span class='ocrx_word' id='word_1_147' title='bbox 565 1383 703 1423; x_wconf 75' lang='lat' dir='ltr'>qualitas</span> <span class='ocrx_word' id='word_1_148' title='bbox 928 1383 989 1419; x_wconf 83' lang='lat' dir='ltr'>3b.</span> <span class='ocrx_word' id='word_1_149' title='bbox 1010 1384 1148 1417; x_wconf 84' lang='lat' dir='ltr'>Exaltat</span> <span class='ocrx_word' id='word_1_150' title='bbox 1170 1385 1346 1426; x_wconf 81' lang='lat' dir='ltr'>miraculis,</span> 
     </span>
     <span class='ocr_line' id='line_1_34' title="bbox 317 1430 1361 1472; baseline 0.003 -10"><span class='ocrx_word' id='word_1_151' title='bbox 317 1430 476 1471; x_wconf 86' lang='lat' dir='ltr'>Ostendit,</span> <span class='ocrx_word' id='word_1_152' title='bbox 496 1430 678 1472; x_wconf 76' lang='lat' dir='ltr'>benignitas</span> <span class='ocrx_word' id='word_1_153' title='bbox 1010 1431 1126 1464; x_wconf 89' lang='lat' dir='ltr'>Multis</span> <span class='ocrx_word' id='word_1_154' title='bbox 1152 1442 1191 1465; x_wconf 92' lang='lat' dir='ltr'>ac</span> <span class='ocrx_word' id='word_1_155' title='bbox 1215 1431 1361 1465; x_wconf 89' lang='lat' dir='ltr'>mirificis</span> 
     </span>
     <span class='ocr_line' id='line_1_35' title="bbox 365 1477 1278 1514; baseline 0.003 -3"><span class='ocrx_word' id='word_1_156' title='bbox 365 1477 543 1511; x_wconf 87' lang='lat' dir='ltr'>Salvatoris</span> <span class='ocrx_word' id='word_1_157' title='bbox 1059 1479 1148 1512; x_wconf 87' lang='lat' dir='ltr'>Coeli</span> <span class='ocrx_word' id='word_1_158' title='bbox 1175 1481 1278 1514; x_wconf 92' lang='lat' dir='ltr'>donis.</span> 
     </span>
     <span class='ocr_line' id='line_1_36' title="bbox 316 1535 1352 1579; baseline 0.001 -10"><span class='ocrx_word' id='word_1_159' title='bbox 316 1535 428 1569; x_wconf 87' lang='lat' dir='ltr'>Caecis</span> <span class='ocrx_word' id='word_1_160' title='bbox 453 1536 558 1569; x_wconf 89' lang='lat' dir='ltr'>visum</span> <span class='ocrx_word' id='word_1_161' title='bbox 583 1536 729 1578; x_wconf 87' lang='lat' dir='ltr'>contulit,</span> <span class='ocrx_word' id='word_1_162' title='bbox 925 1536 986 1572; x_wconf 86' lang='lat' dir='ltr'>4b.</span> <span class='ocrx_word' id='word_1_163' title='bbox 1010 1537 1134 1575; x_wconf 80' lang='lat' dir='ltr'>Surdis.</span> <span class='ocrx_word' id='word_1_164' title='bbox 1160 1538 1352 1579; x_wconf 80' lang='lat' dir='ltr'>paralyticis</span> 
     </span>
     <span class='ocr_line' id='line_1_37' title="bbox 318 1582 1300 1624; baseline 0.002 -8"><span class='ocrx_word' id='word_1_165' title='bbox 318 1582 450 1616; x_wconf 86' lang='lat' dir='ltr'>Claudis</span> <span class='ocrx_word' id='word_1_166' title='bbox 475 1593 620 1624; x_wconf 87' lang='lat' dir='ltr'>gressum</span> <span class='ocrx_word' id='word_1_167' title='bbox 644 1584 761 1617; x_wconf 84' lang='lat' dir='ltr'>tribuit</span> <span class='ocrx_word' id='word_1_168' title='bbox 1010 1585 1110 1618; x_wconf 84' lang='lat' dir='ltr'>Juvat</span> <span class='ocrx_word' id='word_1_169' title='bbox 1134 1585 1300 1619; x_wconf 85' lang='lat' dir='ltr'>beneficiis</span> 
     </span>
     <span class='ocr_line' id='line_1_38' title="bbox 349 1632 1291 1678; baseline 0.003 -14"><span class='ocrx_word' id='word_1_170' title='bbox 349 1632 558 1674; x_wconf 86' lang='lat' dir='ltr'>Adjuvando,</span> <span class='ocrx_word' id='word_1_171' title='bbox 1060 1633 1291 1678; x_wconf 83' lang='lat' dir='ltr'>condonando,</span> 
     </span>
     <span class='ocr_line' id='line_1_39' title="bbox 316 1685 1430 1730; baseline 0.002 -12"><span class='ocrx_word' id='word_1_172' title='bbox 316 1685 450 1718; x_wconf 87' lang='lat' dir='ltr'>Omnem</span> <span class='ocrx_word' id='word_1_173' title='bbox 475 1686 711 1726; x_wconf 85' lang='lat' dir='ltr'>aegritudinem</span> <span class='ocrx_word' id='word_1_174' title='bbox 927 1686 986 1721; x_wconf 87' lang='lat' dir='ltr'>5b.</span> <span class='ocrx_word' id='word_1_175' title='bbox 1009 1686 1202 1730; x_wconf 83' lang='lat' dir='ltr'>Thyphicis‚</span> <span class='ocrx_word' id='word_1_176' title='bbox 1228 1687 1430 1730; x_wconf 85' lang='lat' dir='ltr'>hydropicis,</span> 
     </span>
     <span class='ocr_line' id='line_1_40' title="bbox 312 1733 1395 1778; baseline 0.003 -13"><span class='ocrx_word' id='word_1_177' title='bbox 312 1734 363 1766; x_wconf 85' lang='lat' dir='ltr'>Ac</span> <span class='ocrx_word' id='word_1_178' title='bbox 389 1733 497 1766; x_wconf 89' lang='lat' dir='ltr'>cordis</span> <span class='ocrx_word' id='word_1_179' title='bbox 520 1733 714 1766; x_wconf 86' lang='lat' dir='ltr'>moestitiam</span> <span class='ocrx_word' id='word_1_180' title='bbox 1008 1734 1135 1768; x_wconf 90' lang='lat' dir='ltr'>Ethicis</span> <span class='ocrx_word' id='word_1_181' title='bbox 1161 1735 1395 1778; x_wconf 75' lang='lat' dir='ltr'>squalentibus,</span> 
     </span>
     <span class='ocr_line' id='line_1_41' title="bbox 314 1781 1396 1823; baseline 0.004 -10"><span class='ocrx_word' id='word_1_182' title='bbox 314 1781 424 1823; x_wconf 87' lang='lat' dir='ltr'>Atque</span> <span class='ocrx_word' id='word_1_183' title='bbox 450 1781 641 1821; x_wconf 86' lang='lat' dir='ltr'>epilenciam</span> <span class='ocrx_word' id='word_1_184' title='bbox 1012 1782 1159 1818; x_wconf 88' lang='lat' dir='ltr'>Obsessis</span> <span class='ocrx_word' id='word_1_185' title='bbox 1186 1784 1396 1817; x_wconf 88' lang='lat' dir='ltr'>daemonibus</span> 
     </span>
     <span class='ocr_line' id='line_1_42' title="bbox 360 1829 1265 1873; baseline 0.002 -11"><span class='ocrx_word' id='word_1_186' title='bbox 360 1829 580 1864; x_wconf 87' lang='lat' dir='ltr'>Removendo.</span> <span class='ocrx_word' id='word_1_187' title='bbox 1058 1832 1265 1873; x_wconf 89' lang='lat' dir='ltr'>Imperando.</span> 
     </span>
     <span class='ocr_line' id='line_1_43' title="bbox 314 1882 1387 1927; baseline 0.005 -13"><span class='ocrx_word' id='word_1_188' title='bbox 314 1882 380 1915; x_wconf 88' lang='lat' dir='ltr'>Ora</span> <span class='ocrx_word' id='word_1_189' title='bbox 403 1892 464 1923; x_wconf 91' lang='lat' dir='ltr'>pro</span> <span class='ocrx_word' id='word_1_190' title='bbox 489 1884 610 1924; x_wconf 92' lang='lat' dir='ltr'>populo</span> <span class='ocrx_word' id='word_1_191' title='bbox 926 1885 986 1919; x_wconf 86' lang='lat' dir='ltr'>6b.</span> <span class='ocrx_word' id='word_1_192' title='bbox 1008 1885 1203 1918; x_wconf 83' lang='lat' dir='ltr'>Adstantem</span> <span class='ocrx_word' id='word_1_193' title='bbox 1230 1887 1387 1927; x_wconf 90' lang='lat' dir='ltr'>populum</span> 
     </span>
     <span class='ocr_line' id='line_1_44' title="bbox 313 1930 1388 1972; baseline 0.006 -10"><span class='ocrx_word' id='word_1_194' title='bbox 313 1930 389 1962; x_wconf 88' lang='lat' dir='ltr'>Tibi</span> <span class='ocrx_word' id='word_1_195' title='bbox 413 1940 499 1963; x_wconf 90' lang='lat' dir='ltr'>nunc</span> <span class='ocrx_word' id='word_1_196' title='bbox 524 1932 654 1972; x_wconf 88' lang='lat' dir='ltr'>placido</span> <span class='ocrx_word' id='word_1_197' title='bbox 1008 1934 1215 1967; x_wconf 85' lang='lat' dir='ltr'>Laudantem</span> <span class='ocrx_word' id='word_1_198' title='bbox 1236 1934 1388 1968; x_wconf 80' lang='lat' dir='ltr'>inclitum</span> 
     </span>
     <span class='ocr_line' id='line_1_45' title="bbox 364 1978 1276 2025; baseline 0.005 -14"><span class='ocrx_word' id='word_1_199' title='bbox 364 1978 470 2012; x_wconf 86' lang='lat' dir='ltr'>Corde</span> <span class='ocrx_word' id='word_1_200' title='bbox 496 1989 633 2020; x_wconf 89' lang='lat' dir='ltr'>poscens</span> <span class='ocrx_word' id='word_1_201' title='bbox 1059 1981 1171 2024; x_wconf 87' lang='lat' dir='ltr'>Serva,</span> <span class='ocrx_word' id='word_1_202' title='bbox 1197 1992 1276 2025; x_wconf 88' lang='lat' dir='ltr'>rege</span> 
     </span>
     <span class='ocr_line' id='line_1_46' title="bbox 407 2028 1330 2071; baseline 0.007 -11"><span class='ocrx_word' id='word_1_203' title='bbox 407 2028 583 2068; x_wconf 88' lang='lat' dir='ltr'>praesidia.</span> <span class='ocrx_word' id='word_1_204' title='bbox 1106 2040 1168 2071; x_wconf 90' lang='lat' dir='ltr'>per</span> <span class='ocrx_word' id='word_1_205' title='bbox 1190 2032 1330 2066; x_wconf 87' lang='lat' dir='ltr'>saecula.</span> 
     </span>
    </p>
   </div>
   <div class='ocr_carea' id='block_1_17' title="bbox 307 2088 1573 2124">
    <p class='ocr_par' dir='ltr' id='par_1_17' title="bbox 307 2088 1573 2124">
     <span class='ocr_line' id='line_1_47' title="bbox 307 2088 1573 2124; baseline 0.006 -7"><span class='ocrx_word' id='word_1_206' title='bbox 307 2088 396 2117; x_wconf 86' lang='lat' dir='ltr'>Grad.</span> <span class='ocrx_word' id='word_1_207' title='bbox 417 2099 470 2117; x_wconf 84' lang='lat' dir='ltr'>ms.</span> <span class='ocrx_word' id='word_1_208' title='bbox 494 2089 522 2117; x_wconf 91' lang='lat' dir='ltr'>S.</span> <span class='ocrx_word' id='word_1_209' title='bbox 538 2090 715 2119; x_wconf 79' lang='lat' dir='ltr'>Theodorici</span> <span class='ocrx_word' id='word_1_210' title='bbox 735 2099 812 2120; x_wconf 88' lang='lat' dir='ltr'>saec.</span> <span class='ocrx_word' id='word_1_211' title='bbox 835 2089 880 2120; x_wconf 83' lang='lat'>12.</span> <span class='ocrx_word' id='word_1_212' title='bbox 896 2091 966 2120; x_wconf 85' lang='lat' dir='ltr'>Cod.</span> <span class='ocrx_word' id='word_1_213' title='bbox 983 2093 1122 2121; x_wconf 84' lang='lat' dir='ltr'>Remens.</span> <span class='ocrx_word' id='word_1_214' title='bbox 1145 2091 1210 2122; x_wconf 89' lang='grc'>169.</span> <span class='ocrx_word' id='word_1_215' title='bbox 1230 2093 1297 2122; x_wconf 84' lang='lat' dir='ltr'>add.</span> <span class='ocrx_word' id='word_1_216' title='bbox 1319 2103 1396 2123; x_wconf 87' lang='lat' dir='ltr'>saec.</span> <span class='ocrx_word' id='word_1_217' title='bbox 1419 2093 1464 2124; x_wconf 88' lang='grc'>15.</span> <span class='ocrx_word' id='word_1_218' title='bbox 1478 2096 1515 2124; x_wconf 90' lang='grc' dir='ltr'>Α.</span> <span class='ocrx_word' id='word_1_219' title='bbox 1528 2110 1573 2115; x_wconf 83' lang='grc'><strong>-</strong></span> 
     </span>
    </p>
   </div>
   <div class='ocr_carea' id='block_1_18' title="bbox 228 2126 1224 2161">
    <p class='ocr_par' dir='ltr' id='par_1_18' title="bbox 228 2126 1224 2161">
     <span class='ocr_line' id='line_1_48' title="bbox 228 2126 1224 2161; baseline 0.008 -8"><span class='ocrx_word' id='word_1_220' title='bbox 228 2126 346 2154; x_wconf 86' lang='lat' dir='ltr'>Prosar.</span> <span class='ocrx_word' id='word_1_221' title='bbox 366 2136 420 2155; x_wconf 88' lang='lat' dir='ltr'>ms.</span> <span class='ocrx_word' id='word_1_222' title='bbox 441 2137 464 2156; x_wconf 89' lang='lat' dir='ltr'>s.</span> <span class='ocrx_word' id='word_1_223' title='bbox 483 2127 662 2158; x_wconf 83' lang='lat' dir='ltr'>Theoderici</span> <span class='ocrx_word' id='word_1_224' title='bbox 682 2138 759 2158; x_wconf 83' lang='lat' dir='ltr'>saec.</span> <span class='ocrx_word' id='word_1_225' title='bbox 782 2129 826 2159; x_wconf 89' lang='lat'>15.</span> <span class='ocrx_word' id='word_1_226' title='bbox 849 2130 921 2158; x_wconf 88' lang='lat' dir='ltr'>Cod.</span> <span class='ocrx_word' id='word_1_227' title='bbox 942 2132 1080 2160; x_wconf 74' lang='lat' dir='ltr'>Remens.</span> <span class='ocrx_word' id='word_1_228' title='bbox 1103 2130 1169 2161; x_wconf 85' lang='lat'>179.</span> <span class='ocrx_word' id='word_1_229' title='bbox 1189 2133 1224 2161; x_wconf 94' lang='lat' dir='ltr'>B.</span> 
     </span>
    </p>
   </div>
   <div class='ocr_carea' id='block_1_19' title="bbox 233 2271 289 2305">
    <p class='ocr_par' dir='ltr' id='par_1_19' title="bbox 233 2271 289 2305">
     <span class='ocr_line' id='line_1_49' title="bbox 233 2271 289 2305; baseline -0.036 0"><span class='ocrx_word' id='word_1_230' title='bbox 233 2271 289 2305; x_wconf 91' lang='lat' dir='ltr'>1a.</span> 
     </span>
    </p>
   </div>
   <div class='ocr_carea' id='block_1_20' title="bbox 631 2211 1151 2257">
    <p class='ocr_par' dir='ltr' id='par_1_20' title="bbox 631 2211 1151 2257">
     <span class='ocr_line' id='line_1_50' title="bbox 631 2211 1151 2257; baseline 0.01 -13"><span class='ocrx_word' id='word_1_231' title='bbox 631 2211 695 2245; x_wconf 85' lang='lat'>418.</span> <span class='ocrx_word' id='word_1_232' title='bbox 735 2214 781 2246; x_wconf 87' lang='lat' dir='ltr'>De</span> <span class='ocrx_word' id='word_1_233' title='bbox 800 2223 825 2246; x_wconf 92' lang='lat' dir='ltr'>s.</span> <span class='ocrx_word' id='word_1_234' title='bbox 846 2213 963 2247; x_wconf 76' lang='lat' dir='ltr'>Thema</span> <span class='ocrx_word' id='word_1_235' title='bbox 983 2215 1151 2257; x_wconf 78' lang='lat' dir='ltr'>Aquinate.</span> 
     </span>
    </p>
   </div>
   <div class='ocr_carea' id='block_1_21' title="bbox 312 2272 1471 2412">
    <p class='ocr_par' dir='ltr' id='par_1_21' title="bbox 312 2272 1471 2412">
     <span class='ocr_line' id='line_1_51' title="bbox 314 2272 1471 2320; baseline 0.01 -16"><span class='ocrx_word' id='word_1_236' title='bbox 314 2272 422 2305; x_wconf 87' lang='lat' dir='ltr'>Adest</span> <span class='ocrx_word' id='word_1_237' title='bbox 448 2274 517 2307; x_wconf 89' lang='lat' dir='ltr'>dies</span> <span class='ocrx_word' id='word_1_238' title='bbox 542 2275 769 2318; x_wconf 85' lang='lat' dir='ltr'>laetabundus,</span> <span class='ocrx_word' id='word_1_239' title='bbox 928 2278 986 2314; x_wconf 91' lang='lat' dir='ltr'>1b.</span> <span class='ocrx_word' id='word_1_240' title='bbox 1010 2280 1049 2313; x_wconf 92' lang='lat' dir='ltr'>In</span> <span class='ocrx_word' id='word_1_241' title='bbox 1077 2289 1141 2320; x_wconf 89' lang='lat' dir='ltr'>qua</span> <span class='ocrx_word' id='word_1_242' title='bbox 1167 2281 1281 2314; x_wconf 90' lang='lat' dir='ltr'>doctor</span> <span class='ocrx_word' id='word_1_243' title='bbox 1307 2283 1471 2318; x_wconf 75' lang='lat' dir='ltr'>exaltatur</span> 
     </span>
     <span class='ocr_line' id='line_1_52' title="bbox 312 2319 1467 2372; baseline 0.01 -20"><span class='ocrx_word' id='word_1_244' title='bbox 312 2319 380 2359; x_wconf 82' lang='lat' dir='ltr'>Quo</span> <span class='ocrx_word' id='word_1_245' title='bbox 396 2322 436 2354; x_wconf 89' lang='lat' dir='ltr'>de</span> <span class='ocrx_word' id='word_1_246' title='bbox 444 2323 565 2355; x_wconf 91' lang='lat' dir='ltr'>mundo</span> <span class='ocrx_word' id='word_1_247' title='bbox 575 2324 716 2356; x_wconf 86' lang='lat' dir='ltr'>Thomas</span> <span class='ocrx_word' id='word_1_248' title='bbox 727 2326 868 2359; x_wconf 82' lang='lat' dir='ltr'>mundus</span> <span class='ocrx_word' id='word_1_249' title='bbox 1010 2328 1058 2361; x_wconf 79' lang='lat' dir='ltr'>Et</span> <span class='ocrx_word' id='word_1_250' title='bbox 1080 2337 1102 2360; x_wconf 86' lang='lat' dir='ltr'>a</span> <span class='ocrx_word' id='word_1_251' title='bbox 1127 2329 1256 2363; x_wconf 81' lang='lat' dir='ltr'>Christo</span> <span class='ocrx_word' id='word_1_252' title='bbox 1281 2335 1467 2372; x_wconf 80' lang='lat' dir='ltr'>coronatur,</span> 
     </span>
     <span class='ocr_line' id='line_1_53' title="bbox 314 2367 1375 2412; baseline 0.01 -12"><span class='ocrx_word' id='word_1_253' title='bbox 314 2367 395 2401; x_wconf 79' lang='lat' dir='ltr'>Exit</span> <span class='ocrx_word' id='word_1_254' title='bbox 420 2373 453 2402; x_wconf 87' lang='lat' dir='ltr'>et</span> <span class='ocrx_word' id='word_1_255' title='bbox 475 2370 568 2403; x_wconf 89' lang='lat' dir='ltr'>bonis</span> <span class='ocrx_word' id='word_1_256' title='bbox 592 2371 749 2406; x_wconf 86' lang='lat' dir='ltr'>fecundus</span> <span class='ocrx_word' id='word_1_257' title='bbox 1010 2376 1058 2410; x_wconf 88' lang='lat' dir='ltr'>Ut</span> <span class='ocrx_word' id='word_1_258' title='bbox 1080 2379 1185 2410; x_wconf 88' lang='lat' dir='ltr'>sorori</span> <span class='ocrx_word' id='word_1_259' title='bbox 1209 2379 1375 2412; x_wconf 81' lang='lat' dir='ltr'>revelatur</span> 
     </span>
    </p>
   </div>
   <div class='ocr_carea' id='block_1_22' title="bbox 362 2417 1498 2469">
    <p class='ocr_par' dir='ltr' id='par_1_22' title="bbox 362 2417 1498 2469">
     <span class='ocr_line' id='line_1_54' title="bbox 362 2417 1498 2469; baseline 0.011 -20"><span class='ocrx_word' id='word_1_260' title='bbox 362 2417 469 2451; x_wconf 85' lang='lat' dir='ltr'>Intrat</span> <span class='ocrx_word' id='word_1_261' title='bbox 493 2420 664 2453; x_wconf 85' lang='lat' dir='ltr'>coelestem</span> <span class='ocrx_word' id='word_1_262' title='bbox 691 2422 822 2465; x_wconf 89' lang='lat' dir='ltr'>curiam,</span> <span class='ocrx_word' id='word_1_263' title='bbox 1059 2425 1125 2458; x_wconf 89' lang='lat' dir='ltr'>Per</span> <span class='ocrx_word' id='word_1_264' title='bbox 1149 2428 1325 2468; x_wconf 88' lang='lat' dir='ltr'>specialem</span> <span class='ocrx_word' id='word_1_265' title='bbox 1347 2430 1498 2469; x_wconf 85' lang='lat' dir='ltr'>gratiam.</span> 
     </span>
    </p>
   </div>
  </div>
 </body>
</html>
