1652 2678
697 92 961 130 —257-

185 193 243 225 4a.
269 190 396 232 Regum
420 192 515 224 miles
541 191 584 225 ad
611 192 753 225 edictum
887 191 947 226 4b.
968 191 1077 225 Decus
1103 190 1198 224 addit
1222 190 1291 230 ejus
1317 189 1418 231 gestis

269 239 345 273 Non
372 243 422 272 est
445 241 557 281 lapsus
582 240 615 272 in
635 241 801 282 delictum,
969 241 1071 274 Porta
1094 239 1181 272 nudo
1209 238 1286 271 data
1309 238 1419 278 vestiS‚

271 287 390 321 Sednil
401 289 803 330 servanspraetervictum
970 290 1043 321 Vox
1067 287 1173 320 induti
1194 288 1304 319 manet
1327 286 1419 319 testis

320 336 484 377 Dispersit
511 338 685 377 stipendia.
1020 335 1190 370 Ambianis
1217 335 1354 370 conscia.

188 396 245 428 5a.
272 394 327 428 Ad
353 394 549 436 baptismum
574 398 611 427 ut
637 399 803 436 promotus
888 395 946 429 5b.
968 396 1008 429 In
1034 394 1196 427 mundano
1221 391 1301 426 flore
1325 392 1503 434 splendens

270 442 375 476 Hoste
399 444 494 484 pulso
520 443 583 476 Dei
607 446 704 484 totus,
969 443 1126 476 Mundum
1135 441 1504 482 sprevitparvipendens

273 490 431 524 Constans
458 490 521 524 fuit
546 500 585 524 ac
612 492 746 524 devotus
972 491 1019 524 Et
1042 491 1201 524 cucullam
1224 489 1472 532 apprehendens

321 540 360 572 In
386 539 508 572 Christi
533 540 661 580 militia,
1023 540 1123 581 Fugit
1147 539 1336 572 saecularia.

188 598 245 631 6a.
271 597 505 630 Monachorum
530 600 626 638 pater
650 596 755 630 factus
890 597 948 632 6b.
972 598 1091 630 Tribus
1116 605 1177 629 nec
1202 606 1266 630 non
1291 596 1454 629 suscitatis

270 644 351 677 Mox
377 646 420 677 ad
445 646 576 678 mitram
596 649 646 677 est
662 649 802 687 coactus,
973 647 1012 679 In
1039 647 1159 678 virtute
1183 646 1339 678 trinitatis

276 691 374 733 Cujus
403 694 492 726 clara
516 693 553 726 fit
578 701 639 733 per
664 697 755 726 actus
971 694 1140 734 Apostolis
1165 703 1227 734 par
1254 693 1358 726 beatis

323 740 465 773 Turonis
490 741 638 774 eeclesia.
1020 743 1137 775 Floret
1158 742 1192 774 in
1218 743 1371 783 potentia.

188 799 246 832 7a.
274 797 328 831 Ah
352 799 502 838 superbis
527 807 627 842 grave
652 799 779 841 mirum,
890 801 909 832 7
918 799 950 832 b.
973 800 1012 833 In
1039 800 1150 833 eodem
1176 809 1251 833 mox
1275 802 1446 841 propheta,

266 846 524 887 Contemplantis
550 847 639 879 vitae
664 848 769 880 virum
975 847 1064 887 Quae
1078 848 1254 889 praedixit,
1273 849 1505 891 suntimpleta,

271 893 461 928 Successuri
489 896 572 928 clam
599 896 737 928 delirum
973 896 1058 928 Nam
1083 904 1251 929 successor
1275 905 1335 937 per
1361 897 1494 930 decreta

324 943 460 976 Vocavit
486 943 650 985 superbia.
1020 943 1141 977 Passus
1169 947 1217 976 est
1240 945 1427 985 opprobria.

186 1002 245 1035 Sa.
270 1000 394 1034 Metam
421 1011 547 1043 quoque
569 1001 657 1034 vitae
681 1003 773 1035 novit
890 1000 950 1035 sb.
972 1002 1076 1035 Gessit
1103 1010 1178 1042 ergo
1204 1002 1309 1034 noctis
1334 1003 1424 1043 hora,

272 1048 319 1082 Et
342 1052 379 1081 ut
398 1058 481 1090 pace
507 1051 628 1082 clerum
655 1049 747 1090 fovit,
973 1049 1064 1082 Dans
1090 1051 1123 1082 in
1150 1058 1247 1082 carne
1263 1059 1354 1090 spem
1374 1051 1505 1092 decora,

270 1097 324 1130 Ad
351 1098 494 1130 lamenta
511 1106 585 1130 suos
611 1098 712 1131 movit
973 1098 1085 1130 Turba
1109 1106 1246 1138 sequens
1272 1107 1343 1130 cum
1370 1107 1487 1131 canora

321 1146 385 1179 Per
411 1146 524 1178 mortis
547 1146 680 1180 indicia.
1021 1145 1159 1178 Sanctae
1182 1146 1269 1179 vitae
1299 1147 1452 1187 praemia.

187 1204 244 1237 9a.
272 1203 368 1237 Felix
391 1207 497 1236 morte
521 1204 560 1237 fit
582 1203 757 1245 Martinus,
888 1203 947 1237 9b.
974 1203 1053 1236 Cras
1074 1203 1203 1236 undeno
1232 1205 1310 1237 noni
1334 1205 1456 1237 mensis

271 1251 371 1291 Quem
396 1252 551 1285 Abrahae
577 1252 665 1292 cepit
690 1253 789 1295 sinus,
970 1252 1107 1285 Praesul
1131 1251 1387 1286 Mediolanensis

271 1300 387 1334 Testes
411 1305 509 1334 nocte
532 1300 706 1333 Severinus
969 1300 1083 1333 Mente
1104 1302 1219 1340 raptus
1244 1303 1294 1333 est
1318 1302 1487 1342 surpensis

320 1348 430 1381 Sensit
456 1349 497 1381 de
524 1348 668 1382 Colonia.
1017 1348 1134 1381 Verbis
1161 1348 1203 1381 ad
1229 1348 1393 1390 obsequia.

162 1407 243 1441 10a.
272 1406 330 1450 Te,
357 1406 511 1448 Martine,
544 1406 638 1448 plebs
664 1407 803 1439 Turonis
864 1405 947 1441 10b.
969 1406 1015 1438 Et
1039 1409 1075 1438 tu
1100 1415 1224 1439 memor
1246 1407 1484 1440 mundanorum

270 1454 316 1488 Et
341 1455 490 1488 diversae
515 1454 657 1496 regionis
969 1454 1068 1487 Hunc
1117 1455 1160 1487 ad
1211 1457 1314 1487 tutum
1361 1455 1506 1489 transfer

1272 1504 1414 1544 chorum,

271 1551 378 1585 Urbes
402 1552 540 1584 laudant
565 1560 636 1584 cum
653 1553 801 1592 personis
970 1551 1018 1585 Ut
1044 1560 1115 1584 cum
1140 1560 1237 1593 grege
1264 1552 1484 1585 confessorum

321 1600 368 1632 Et
392 1600 535 1632 locorum
560 1600 660 1634 milia.
1020 1600 1205 1633 Decantent
1229 1601 1385 1642 Alleluja.

239 1686 326 1713 Miss.
351 1694 405 1713 ms.
426 1685 626 1714 Vedastinum
654 1694 731 1714 saec.
764 1684 808 1714 14.
836 1686 877 1714 in.
901 1686 971 1714 Cod.
993 1685 1181 1714 Atrebatens.
1210 1683 1276 1715 888.
1298 1687 1332 1715 A.
1357 1703 1392 1707 —
1414 1687 1504 1717 Grad.

162 1733 217 1752 ms.
238 1723 437 1752 Vedastinum
466 1732 544 1752 saec.
569 1722 645 1753 ¹³l14.
669 1725 740 1753 Cod.
762 1724 951 1754 Atrebatem.
981 1723 1063 1753 1011.
1092 1724 1159 1754 add.
1191 1733 1267 1753 saeca
1291 1724 1335 1753 14.
1357 1728 1390 1754 in
1409 1726 1443 1754 B.
1466 1742 1511 1747 —

163 1761 218 1798 31),
240 1760 258 1791 3
281 1761 471 1791 Cathecisum
491 1762 534 1799 A3
560 1762 754 1791 Catheeinum
774 1764 808 1792 B.

610 1905 678 1937 342.
721 1905 765 1937 De
785 1905 896 1938 sancto
917 1904 1065 1937 Martino.

163 1999 222 2034 la.
246 1998 384 2032 Martini
409 1998 618 2039 praeconium
866 1995 926 2031 lb.
953 1997 1084 2030 Amoris
1111 1996 1304 2031 connubium

247 2047 435 2081 Dividentis
461 2047 598 2088 pallium
950 2046 1007 2079 Fit
1034 2046 1063 2078 ei
1090 2046 1287 2087 coenobium,

249 2096 393 2129 Attollat
417 2096 586 2128 humilium
951 2093 1049 2135 Cujus
1076 2094 1180 2128 nescit
1203 2096 1303 2128 otium

284 2144 390 2177 Verus
416 2154 517 2178 amor.
999 2143 1115 2176 Cordis
1143 2144 1274 2178 clamor.

161 2206 219 2238 2a.
247 2205 331 2244 Ave,
359 2212 486 2244 gemma
510 2202 708 2244 praesulum,
867 2201 927 2235 2b.
953 2202 1004 2234 Tu
1030 2203 1172 2235 solamen
1198 2212 1387 2247 pauperum,

247 2252 437 2286 Sanctitatis
463 2251 642 2293 speculum,
951 2251 1052 2291 Quem
1078 2252 1120 2285 ad
1148 2252 1274 2285 culmen
1299 2262 1432 2294 operum

246 2302 294 2335 Te
321 2301 414 2334 decet
440 2301 474 2333 in
500 2300 663 2334 saeculum
951 2300 1044 2334 Sacri
1067 2300 1152 2342 regis
1178 2301 1322 2334 siderum

292 2349 381 2384 Laus
409 2353 441 2383 et
465 2350 578 2383 honor.
999 2349 1115 2383 Traxit
1141 2349 1232 2385 odor.

219 2412 350 2439 Dreves,
365 2410 513 2440 Sequentiae
527 2409 646 2434 Invditae.
677 2409 722 2433 111.
1292 2407 1327 2436 17
