1652 2678
236 202 292 235 5a.
319 202 402 241 Ave,
428 202 507 235 tuba

365 251 469 284 Deum
496 250 715 292 magnificans,

235 307 290 341 Ga.
319 309 343 342 Ο
371 318 465 350 quam
491 311 567 341 sunt
588 308 699 341 felices

316 357 442 390 Matres
468 360 499 389 et
523 357 666 390 nutrices

363 406 489 439 Horum
514 404 697 446 infantium,

233 464 290 496 7a.
320 463 345 496 O
368 472 464 504 quam
489 463 597 495 suavis
623 462 790 502 amplexus

317 511 470 551 Matrum,
498 519 633 551 quarum
657 509 744 541 idem
769 517 871 540 nexus

365 559 537 599 Coniungit
562 560 595 589 et
617 556 713 595 filios,

230 619 289 651 82.
318 617 342 650 O
369 626 432 649 vox
456 616 608 648 laetantis
633 615 769 655 Mariae,

314 664 392 697 Cum
418 664 567 698 Johanne
586 663 763 696 Zachariae

360 712 479 745 Excita
503 721 561 744 nos
585 712 620 744 in
642 712 781 752 jubilum

934 201 992 235 5b.
1017 202 1100 239 Ave,
1128 199 1202 239 lyra

1066 255 1222 279 summum
1249 245 1439 279 laetificans

934 306 992 340 6b.
1015 307 1201 346 ,Iunguntur
1225 304 1310 337 uteri

1015 353 1159 386 Matrum
1187 355 1218 384 et
1243 353 1339 394 pueri

1065 401 1108 434 Se
1129 401 1348 433 salutantium.

934 460 994 493 7b.
1020 460 1161 499 Quorum
1185 468 1266 491 unus
1293 462 1340 491 est
1368 459 1521 495 salvator,

1014 508 1109 540 Alter
1132 507 1225 539 verbi
1250 507 1458 547 praedicator

1062 557 1192 590 Docens
1218 564 1275 588 ore
1299 556 1390 590 alios

933 614 992 649 8b.
1016 614 1061 647 Et
1087 623 1158 646 cum
1183 614 1255 655 ipso
1281 614 1393 647 mundi
1419 623 1439 646 a
1465 623 1524 646 vae

1018 663 1085 696 Nos
1109 663 1238 696 attrahe
1262 663 1296 695 in
1321 671 1420 696 sueve

1068 711 1210 744 Verbum
1225 711 1331 744 carnis
1345 720 1407 752 per
1414 711 1571 746 nubilum.

609 772 639 803 9.
667 770 692 803 O
717 770 838 811 Maria,
865 770 988 803 ventris
1014 770 1061 802 tui

662 818 787 851 Fructu
811 816 866 851 fac
889 827 948 850 nos
972 818 1026 850 hic
1050 816 1175 858 perfrui

664 867 711 899 Et
732 867 766 899 in
791 866 939 907 paradisi
964 867 1078 907 dom03

664 918 770 948 Amen
797 915 884 948 dicat
909 915 1011 947 omnis
1037 915 1142 948 homo.

305 1002 376 1029 Cod.
397 1001 558 1029 Parisinus.
580 999 629 1033 (ol.
651 1002 853 1032 Francis-can.)
875 999 910 1029 16
919 998 985 1029 664.
1009 1009 1085 1029 saec.
1107 998 1165 1037 15„
1187 1002 1245 1029 Mit
1256 1002 1327 1030 Mel.

672 1137 713 1170 91.
758 1138 802 1170 De
822 1137 1017 1170 Visitatione
1038 1138 1126 1170 BllV.

225 1221 281 1254 la,
309 1220 414 1253 Deum
439 1221 518 1254 Jesu
544 1221 666 1254 Christi
689 1223 817 1261 patrem

307 1269 351 1302 Et
376 1269 517 1301 Mariam
543 1270 611 1309 ejus
637 1272 773 1301 matrem

355 1317 458 1350 Laeta
482 1327 568 1350 nunc
593 1318 730 1350 ecclesia

224 1376 280 1409 2a.
308 1375 361 1408 Ab
389 1376 515 1409 excelso
541 1376 696 1408 trinitatis

308 1424 418 1457 Verba
444 1423 551 1457 defert
576 1425 729 1457 novitatis

358 1473 604 1514 Paranymphus
632 1472 776 1510 Gabriel,

224 1532 281 1565 3a.
309 1531 390 1563 Rem
416 1531 550 1572 grandis
574 1531 733 1571 miraculi,

310 1579 438 1612 Nobilis
462 1580 651 1620 spectaculi,

360 1629 444 1661 Vide
470 1628 648 1669 declarari3

223 1688 280 1720 4a.
308 1686 495 1727 Praegnans
520 1687 611 1727 virgo
637 1696 699 1719 non
726 1686 866 1720 humana

307 1736 408 1777 Virgo
434 1744 569 1776 surgens
593 1735 628 1767 in
657 1738 808 1768 montana

358 1784 567 1817 Festinanter
591 1784 682 1825 abiit,

225 1843 283 1875 5a.
312 1842 396 1874 Dum
421 1842 530 1875 Maria
554 1842 697 1875 salutare

309 1891 453 1923 Verbum
480 1891 582 1932 dedit,
610 1891 772 1924 exsultare

358 1939 473 1980 Coepit
496 1938 606 1972 infans
630 1940 783 1982 nimium3

224 1998 281 2030 6a.
311 1997 335 2030 O
364 2006 459 2038 quam
483 1997 573 2038 pium
597 1996 662 2030 fert
688 2007 830 2031 amorem

313 2045 477 2086 Superans
501 2055 625 2078 omnem
652 2046 817 2079 dulcorem

357 2094 500 2135 Virginis
522 2095 718 2139 praesentia,

226 2152 282 2185 va.
310 2151 363 2184 Ex
386 2152 538 2184 medullis
563 2154 690 2185 animae

312 2199 480 2232 Canticum
503 2201 649 2233 laetitiae

357 2248 552 2281 Decantavit
581 2250 697 2290 Maria,

227 2305 284 2339 821.
311 2306 448 2338 Manens
476 2307 569 2340 domo
595 2308 773 2341 Zachariae

310 2354 374 2386 Per
397 2357 464 2386 tres
490 2364 616 2388 menses
642 2357 744 2388 servit
769 2357 822 2397 pie

359 2401 467 2434 Maria
494 2403 679 2443 Elisabeth,

928 1220 985 1254 lb.
1009 1220 1109 1253 Festa
1137 1222 1235 1254 laude
1259 1225 1443 1261 veneratur,

1009 1269 1096 1301 Dum
1121 1269 1278 1302 Johannis
1304 1271 1401 1303 matri
1429 1272 1525 1304 datur

1059 1318 1186 1350 Mariae
1210 1320 1406 1359 praesentia.

927 1375 984 1408 2b.
1005 1375 1112 1408 Verbo
1137 1379 1231 1416 paret
1255 1377 1403 1409 veritatis

1010 1423 1118 1467 Virgo,
1142 1424 1240 1465 jubar
1266 1425 1434 1465 claritatis,

1057 1473 1207 1514 Concipit
1230 1473 1431 1507 Emmanuel.

926 1530 984 1564 3b.
1009 1531 1116 1565 Coeljs
1142 1540 1224 1572 quae
1247 1532 1426 1574 sublimior,

1009 1580 1092 1612 Inde
1113 1578 1152 1612 fit
1175 1580 1338 1618 humilior,

1057 1628 1156 1661 Vadit
1182 1627 1342 1664 famulari.

925 1686 985 1720 4b.
1008 1686 1054 1719 Et,
1076 1686 1110 1719 in
1138 1687 1267 1719 domum
1292 1687 1469 1720 Zachariae

1012 1735 1238 1768 Praecursoris
1263 1740 1401 1768 matrem
1427 1736 1481 1777 pie

1060 1783 1211 1816 Salutaris
1237 1785 1374 1819 introiit.

928 1842 987 1876 5b.
1014 1842 1139 1874 Lumen
1164 1842 1272 1875 adhuc
1298 1843 1494 1876 occultatum

1010 1891 1202 1932 Reveretur,
1228 1892 1433 1925 incarnatum

1058 1940 1203 1973 Verbum
1228 1941 1332 1982 patris
1359 1941 1510 1974 omnium.

927 1998 985 2032 6b.
1011 1999 1089 2032 Sese
1113 2001 1234 2031 matres
1259 1999 1497 2040 amplexantur.

1012 2047 1075 2080 Per
1101 2047 1221 2079 salutes
1248 2048 1437 2081 revelantur

1059 2095 1180 2128 Salutis
1205 2097 1371 2137 mysteria.

927 2153 985 2187 7b.
1009 2154 1196 2187 Exsultavit
1221 2155 1366 2196 spiritus.

1011 2202 1187 2236 Exaltatur
1208 2203 1366 2236 Dominus

1059 2251 1159 2284 Dulci
1188 2261 1260 2285 cum
1283 2253 1436 2286 melodia.

928 2309 988 2343 8b.
1014 2309 1188 2343 Famulatu
1214 2320 1276 2351 quo
1303 2311 1464 2351 completo

1013 2358 1114 2399 Virgo
1140 2361 1245 2391 mater
1271 2359 1369 2391 corde
1394 2359 1482 2393 laeto

1061 2406 1172 2439 Rediit
1196 2407 1228 2438 in
1255 2407 1432 2442 Nazareth.
