1652 2678
681 118 947 152 -232—

148 223 206 254 521.
232 220 368 252 Praesul
394 227 469 260 ergo
495 220 712 256 consecratur,

231 267 360 300 Christo
386 270 472 299 totus
497 265 692 303 immolatur,

231 315 333 347 Thuri
358 314 491 354 myrrha
516 312 668 353 sociatur,

275 363 323 396 Ut
346 371 430 402 pura
453 360 495 393 sit
518 359 636 391 hostia.

146 423 203 454 6a.
230 419 419 451 Viscerosus
444 416 577 457 pietate,

229 467 331 499 Totus
354 466 449 498 ardet
473 462 609 494 caritate

228 515 466 553 Depressorum
497 512 640 550 egestate

274 561 436 593 Relevans
461 558 599 598 inopias.

147 622 166 653 ’7
174 629 203 652 a.
230 618 340 659 Fame,
368 617 424 648 siti
449 615 530 648 cutis
556 620 626 649 aret

230 666 285 706 Et,
312 667 347 697 ut
373 665 498 705 lampas
526 666 739 707 corruscaret,

231 713 366 746 Morbos
391 714 496 753 sanat,
523 712 622 753 signis
649 713 749 745 claret

275 762 322 795 Et
346 762 435 794 lucet
457 760 642 793 virtutibus.

150 824 208 857 Sa.
237 821 262 853 O
293 830 388 861 quam
414 818 494 853 felix
517 819 688 859 Hibernia,

276 869 374 901 Tanti
397 868 507 901 nutrix
532 868 703 908 praesulis,

230 917 298 957 Quo
328 916 512 958 susceptrix
537 916 737 949 Normannia

276 964 431 1006 Refulget
453 966 488 997 in
512 965 654 1005 populis.

147 1027 203 1058 9a.
230 1024 255 1057 O
280 1024 446 1064 Laurenti,

278 1072 409 1113 praesul
436 1071 574 1113 egregie,

230 1120 326 1153 Nune
350 1121 458 1153 incola

282 1169 424 1209 civisque
446 1168 584 1209 patriae.

232 1217 301 1249 Nos
324 1217 459 1249 miseros

278 1265 313 1297 in
340 1265 392 1297 via
417 1262 538 1305 refove,

230 1313 329 1346 Diros
355 1313 457 1345 hostis

279 1361 418 1393 insultus
443 1369 584 1393 remove.

844 212 903 245 5b.
927 210 1041 243 Tubae
1069 216 1183 239 sonum
1211 204 1386 238 decorabat

929 258 1075 296 Cithara,
1101 263 1186 295 quae
1210 252 1394 293 resonabat,

926 305 1013 338 Dum
1039 303 1115 345 agit,
1150 302 1236 343 quod
1261 301 1484 343 praedicabat,

976 351 1091 385 Dulcis
1116 349 1154 382 fit
1179 350 1331 383 melodia.

847 411 907 445 6b.
929 410 1036 443 Nudis
1062 410 1209 449 praestat
1232 408 1465 449 indumentum,

929 457 1104 491 Famelicis
1129 457 1327 497 alimentum,

929 507 969 540 In
993 513 1173 547 pauperum
1198 505 1430 537 nutrimentum

978 553 1148 594 Dispergit
1175 553 1316 586 divitias.

848 613 909 646 7b.
932 613 1091 645 Furiosae
1116 620 1229 643 sensus
1257 612 1363 652 datur,

935 662 1043 702 Caput
1066 660 1191 693 laesum
1216 670 1291 693 mox
1317 662 1460 704 sanatur,

930 709 1114 742 Maresc-alo
1141 709 1343 741 condonatur

980 758 1074 791 Salus
1101 758 1170 798 eJus
1194 757 1358 798 precibus.

847 816 907 851 sb.
929 816 1029 849 Dolet
1051 815 1133 847 urbs
1157 815 1328 848 Dubilinia

983 865 1103 898 Carens
1129 864 1191 896 hoe
1216 864 1372 906 antistite,

932 914 978 947 Et
1002 913 1164 954 Augensis
1191 912 1329 945 ecclesia

979 963 1085 995 Tanto
1111 961 1230 1003 gaudet
1252 961 1390 1001 hospite.

846 1021 909 1055 9b.
934 1020 1140 1060 Triumphali

979 1069 1034 1110 qui
1058 1067 1162 1109 fulges
1186 1069 1309 1111 laurea,

934 1118 1024 1152 Coeli
1049 1117 1155 1149 nitens

980 1165 1056 1199 aula
1081 1165 1220 1206 siderea,

930 1215 1012 1247 Post
1035 1215 1217 1254 praesentis

980 1263 1068 1296 vitae
1092 1261 1298 1303 naufragium

931 1311 1001 1343 Nos
1026 1310 1200 1343 sublevans

979 1359 1106 1400 perduc
1129 1359 1172 1392 ad
1198 1360 1358 1394 bravium.

225 1427 313 1455 Grad.
340 1436 394 1455 ms.
414 1427 554 1463 Augense
584 1435 656 1455 saec.¹
680 1425 724 1455 15.
750 1425 820 1454 Cod.
841 1426 1053 1464 Rotomagens.
1074 1424 1141 1455 250.
1162 1442 1201 1447 —
1222 1425 1277 1455 2a.
1300 1424 1318 1455 2
1341 1428 1477 1465 egregius

147 1466 222 1495 fehlt
239 1467 295 1494 Hs.
313 1482 353 1486 ——
375 1464 424 1501 Sa,
449 1465 464 1494 1
488 1473 507 1493 a
529 1466 680 1502 baptisma
699 1467 754 1494 Hs.

568 1579 636 1612 308.
679 1580 723 1612 De
743 1579 853 1611 sancto
874 1578 1058 1612 Laurentio.

720 1638 779 1669 Die
799 1642 916 1677 quarta.

148 1712 204 1745 la.
231 1710 345 1743 Laude
369 1707 551 1743 multifaria

230 1759 373 1791 Attollat
395 1758 570 1799 praeconia

278 1807 443 1840 Praesulis
469 1807 640 1840 Laurentii

149 1868 205 1900 2a.
232 1865 319 1898 Laus
347 1866 441 1898 decet
466 1865 686 1907 Laurentium,

230 1913 296 1946 Sed
321 1914 407 1946 hune
429 1913 523 1955 plebs
546 1914 746 1955 Augensium

280 1963 452 1996 Collaudet
475 1971 555 2002 prae
580 1963 739 2003 omnibus,

150 2023 207 2055 Sa.
230 2020 317 2052 Nato
345 2020 385 2052 de
410 2021 514 2060 stirpe
538 2020 641 2061 regali

228 2068 355 2100 Nomen
377 2070 469 2109 jussu
493 2068 679 2108 prophetali

278 2117 428 2149 Mutatur
454 2116 619 2156 divinitus,

148 2176 206 2208 4a.
233 2175 264 2206 A
289 2174 457 2214 primaeva
481 2182 556 2205 mox
580 2175 687 2205 aetate

229 2222 319 2254 Mira
342 2231 467 2254 morum
493 2221 654 2263 gravitate

278 2268 433 2302 Refertus
457 2272 489 2302 et
513 2269 628 2310 gratia,

147 2328 204 2361 5a.
233 2326 287 2359 sio
310 2330 477 2367 promotus
501 2326 536 2358 in
560 2325 712 2360 abbatem

231 2374 378 2407 Tandem
404 2374 502 2407 sumit
528 2374 719 2415 dignitatem

275 2422 370 2455 Sedis
395 2422 593 2462 Dubiliniae,

846 1709 906 1745 lb.
929 1710 1053 1743 Nostra
1077 1710 1164 1743 laeta
1190 1711 1311 1751 concio,

929 1759 1066 1803 Lingua,
1090 1768 1180 1792 mens
1207 1762 1240 1792 et
1264 1760 1349 1792 actio

977 1808 1051 1841 Sint
1077 1817 1218 1841 consona
1243 1808 1365 1851 gaudii.

846 1865 906 1899 2b.
931 1865 1029 1907 Cujus
1055 1875 1194 1906 namque
1218 1867 1372 1899 meritum

930 1915 1060 1956 Augum
1083 1914 1197 1946 reddit
1220 1915 1371 1947 inclitum

980 1962 1087 2004 Signis
1115 1964 1148 1993 et
1172 1962 1359 1996 virtutibus,

848 2019 907 2054 3b.
931 2020 1063 2052 Florem
1088 2027 1247 2058 spernens
1273 2021 1473 2055 mundialem

930 2067 1054 2107 Sponte
1083 2066 1184 2098 sumit
1208 2068 1393 2102 clericalem

978 2114 1107 2146 Sortem
1130 2124 1213 2155 puer
1237 2117 1380 2152 inolitus

846 2172 905 2205 4b.
929 2171 1123 2212 Voluptates
1150 2173 1318 2208 abdicavit

930 2219 1036 2259 Seque
1060 2218 1130 2252 Deo
1154 2222 1320 2256 dedicavit

957 2267 1040 2300 Viva
1064 2265 1170 2301 faetus
1196 2271 1312 2306 hostia.

847 2324 908 2358 5b.
930 2324 997 2358 Ubi
1022 2332 1153 2358 emnem
1180 2327 1366 2374 disciplina,

931 2373 1039 2412 Victu,
1066 2377 1157 2406 veste
1183 2376 1314 2410 cilicina

978 2418 1109 2454 Afflixit
1140 2424 1296 2463 quotidie.
