1652 2678
672 76 913 113 ,ἕρ-

172 171 224 203 83..
246 173 299 202 Sic
318 177 456 202 naturam
477 176 628 211 reparavit
872 174 924 204 810.
945 174 1031 203 Nune
1053 174 1188 203 ascendit
1206 175 1251 202 sie
1270 175 1416 210 patenter,

242 213 286 242 Et
301 212 404 241 ruinas
425 215 612 247 restauravit,
946 213 1052 243 Coelos
1073 215 1209 250 penetrat
1228 214 1364 249 potenter

244 252 341 281 Nobis
362 255 482 281 sanctos
503 253 629 280 sociavit
945 253 987 281 Et
1006 251 1190 280 transcendit
1209 251 1388 280 excellenter

283 291 390 328 Aequa
412 291 486 319 dans
506 291 637 329 fastigia.
984 290 1123 319 Omnium
1144 291 1307 319 cacumina.

176 338 229 367 9a.
250 340 341 368 Pater
357 339 486 376 stringit,
508 340 695 376 amplexatur
873 339 926 369 9b.
946 341 983 369 In
1003 340 1107 368 (lextra
1122 340 1185 376 jam
1205 340 1301 377 patris
1320 339 1411 371 sedet,

244 379 450 414 Unigenitum,
474 378 588 412 affatur,
945 379 1033 408 Unde
1056 382 1174 407 sanetas
1194 381 1307 406 mentes
1329 378 1425 414 replet

245 417 283 445 In
303 425 361 453 quo
382 417 447 445 solo
465 417 654 453 jucundatur,
945 419 986 447 Et
1005 417 1168 446 conformes
1190 418 1249 446 sibi
1270 416 1393 454 praebet

286 454 341 484 Cui
363 455 446 485 dedit
466 458 575 484 omnia.
983 456 1129 486 Tribucns
1151 456 1340 484 charismata.

480 503 524 533 10.
545 505 610 533 Rex
631 504 766 542 benigne,
787 513 842 533 nos
863 506 1003 540 conforta,

546 544 668 580 Semper
688 543 744 571 tibi
764 552 819 572 nos
840 548 999 580 comporta,

545 582 581 611 In
602 585 630 610 te
652 583 749 618 ipsum
769 590 824 610 nos
844 585 1022 620 transporta.

586 621 643 655 Qui
666 621 811 657 adimples
833 623 941 650 omnia.

589 704 636 736 39.
679 706 723 737 De
743 705 933 738 Ascensione
952 705 1009 738 DN.

123 768 185 802 121.
214 767 346 800 Sursum
373 766 473 799 corda
498 766 701 799 sublevemus
828 767 887 803 lb.
910 768 1009 808 Quem
1035 767 1184 801 coelestis
1209 767 1394 799 hierarchia

209 814 255 847 Et
278 814 479 854 triumphum
508 823 717 855 personemus
910 815 1009 848 Dulci
1036 816 1151 849 laudat
1175 815 1367 856 symphonia

259 863 439 896 Salvatoris
465 863 573 903 hodie,
959 864 1067 897 Titulo
1089 864 1255 897 victoriae.

122 923 183 955 2a.
210 921 298 953 Nam
326 920 473 954 infernus
498 921 667 962 spoliatur,
827 922 885 958 2b,
908 922 1073 955 Libertati
1099 925 1211 962 captus
1238 922 1343 960 datur,

209 969 386 1002 Paradisus
413 972 579 1002 reseratur
910 970 1005 1003 Orbis
1030 974 1139 1003 terrae
1163 971 1355 1010 gratulatur,

259 1018 373 1052 Crucis
401 1026 472 1051 cum
498 1018 646 1057 victoria,
959 1019 1088 1052 Gaudet
1113 1018 1195 1051 coeli
1221 1018 1319 1051 curia.

120 1077 184 1110 ssa.
211 1076 328 1109 Victor
352 1076 468 1118 surgit,
495 1077 666 1116 animatur,
825 1076 885 1111 ab.
907 1076 991 1118 Regi
1013 1077 1140 1117 praeda
1164 1076 1344 1117 copulatur,

208 1125 364 1159 Planctus
398 1124 512 1157 matris
539 1127 762 1165 commutatur,
909 1124 1045 1158 Scandit
1067 1126 1183 1165 coelos,
1212 1125 1375 1158 exaltatur

259 1174 503 1214 Oonresnrgunt
527 1173 643 1214 omnia,
956 1175 996 1206 In
1020 1177 1160 1214 paterna
1183 1173 1297 1214 gloria.

122 1234 180 1265 4a.
209 1231 234 1264 O
261 1231 315 1272 qui
341 1233 454 1263 cantus
479 1230 676 1272 angelorum,
823 1231 882 1265 4b.
906 1231 973 1271 Quo
1001 1232 1122 1273 regina,
1151 1232 1233 1264 coeli
1258 1234 1364 1271 porta*

208 1279 297 1319 Quae
321 1281 396 1312 sunt
421 1278 506 1312 festa
530 1288 743 1319 supernorum
907 1280 970 1313 Per
986 1289 1080 1320 quam
1097 1280 1217 1312 mundo
1234 1280 1292 1312 lux
1309 1282 1359 1311 est
1376 1280 1458 1317 orta,

253 1329 294 1362 In
319 1327 401 1361 coeli
427 1328 562 1369 palatio,
955 1328 1105 1362 Cernitur
1131 1337 1203 1361 eum
1226 1327 1305 1361 filio.

121 1388 179 1422 5a.
207 1386 266 1420 Pie
291 1385 380 1429 Jesu,
407 1384 513 1418 forma
535 1395 652 1422 mores,
822 1386 880 1421 5b.
904 1386 1018 1419 Dulcis
1043 1387 1130 1426 Jesu,
1158 1385 1388 1428 supplicamus,

205 1435 298 1469 Pelle
320 1438 430 1475 pestes
455 1437 488 1467 et
511 1444 648 1471 errores,
903 1435 951 1468 Ut
974 1438 1007 1467 te
1026 1435 1104 1467 laeti
1131 1434 1308 1476 videamus,

205 1483 273 1516 Nos
299 1484 412 1516 videre
438 1483 520 1516 coeli
542 1482 638 1516 flores
906 1484 987 1518 Cum
1011 1483 1120 1516 Maria
1144 1484 1340 1525 gaudeamus

255 1532 308 1565 Da
331 1534 406 1573 post
430 1532 511 1564 haec
537 1532 660 1566 exsilia.
951 1533 997 1565 Et
1021 1532 1142 1565 sanctis
1168 1532 1202 1563 in
1226 1532 1343 1572 patria.

198 1600 317 1627 Prosar.
342 1607 398 1627 ms.
423 1598 566 1627 Gulielmi
586 1598 683 1627 Lovel
710 1600 783 1627 anni
802 1596 888 1628 1572.
909 1598 980 1626 Cozl.
1001 1598 1195 1627 Ambianens.
1226 1595 1291 1628 132.
1311 1611 1349 1617 —·-
1373 1597 1460 1626 Mela

119 1638 226 1666 Lauda
246 1636 328 1671 Sion,
353 1637 553 1673 ausgewfihlte
576 1636 711 1666 Chor'ale.

576 1723 626 1754 40.
667 1722 710 1755 De
730 1722 920 1755 Ascensione
941 1721 998 1755 DN,

125 1783 180 1818 la.
208 1782 334 1816 Inferni
360 1782 465 1816 fracto
488 1792 618 1816 carcere
826 1785 882 1818 lb.
904 1784 1001 1817 Vitae
1024 1784 1166 1817 recludit
1189 1783 1311 1819 limina,

210 1831 352 1873 Surgens
378 1831 483 1865 victor
514 1832 554 1865 de
577 1831 692 1865 funere
905 1833 987 1866 Viae
1011 1834 1098 1865 tollit
1126 1832 1322 1868 discrimina,

256 1880 415 1922 Christus,
442 1881 510 1913 vita
535 1881 722 1925 viventium,
954 1882 1018 1915 Via
1043 1881 1192 1916 Christus
1219 1884 1252 1914 et
1276 1882 1405 1915 ostium.

122 1942 181 1973 za.
207 1938 281 1973 Hac
304 1939 339 1972 in
365 1939 420 1973 die
442 1940 619 1981 praecipue
823 1939 882 1972 2b.
906 1939 988 1973 Cum
1015 1942 1148 1972 nostrae
1172 1939 1279 1972 carnis
1304 1939 1413 1980 portio

206 1989 399 2023 Panduntur
432 1988 513 2021 coeli
535 1989 665 2029 januae,
907 1987 1049 2022 Ferente
1073 1987 1136 2021 Dei
1159 1987 1228 2021 fflio

253 2037 449 2078 D'm'guntur
473 2037 602 2070 itinera.
954 2037 1098 2070 Levatur
1123 2046 1222 2079 supra
1247 2037 1367 2070 sidera.

123 2098 180 2131 3a.
210 2096 235 2130 O
262 2095 350 2128 beati
378 2095 540 2137 discipuli,
823 2096 881 2130 ab.
901 2095 1025 2129 Videre
1050 2105 1177 2128 sursum
1203 2095 1306 2139 evehi,

207 2145 349 2186 Quorum
372 2147 538 2177 merentur
563 2146 648 2178 oculi
907 2144 954 2178 Ut
979 2145 1127 2178 oculatae
1150 2144 1230 2178 fidei

257 2192 382 2226 Videre
406 2192 516 2226 vivum
536 2194 652 2235 denuo,
954 2194 1081 2227 Badice
1103 2195 1191 2227 stent
1214 2197 1384 2235 perpetue.

121 2255 179 2288 421.
208 2252 256 2288 Ut
278 2252 314 2285 in
338 2250 405 2284 fide
429 2250 616 2292 firmissimi,
822 2252 883 2288 4b.
904 2252 952 2287 Ut
975 2252 1074 2285 fidem
1100 2254 1133 2284 et
1157 2261 1248 2293 spem
1273 2252 1402 2286 habitas

208 2303 275 2342 Spe
301 2303 459 2342 concepta
484 2300 670 2342 longanimi,
910 2301 1150 2334 concomitatur
1176 2302 1304 2343 caritas,

255 2351 343 2392 Quae
381 2358 509 2383 sursum
544 2352 637 2393 sunt,
679 2350 763 2383 desi·
957 2350 1027 2390 Qua
1050 2351 1121 2383 sine
1143 2359 1206 2384 non
1233 2351 1438 2392 proficerent.

533 2399 662 2440 derent;
