1652 2678
696 84 961 121 —143—

588 183 649 216 188.
690 184 735 216 De
755 185 864 216 saneto
887 183 1058 217 Benedieto.

168 255 226 288 la.
253 254 426 288 Resultent
450 258 541 289 astra
566 255 714 296 dulciter,
864 256 925 290 ib.
947 256 1007 297 Qui
1031 255 1095 289 fuit
1119 255 1326 296 venerabilis,

251 303 359 337 Corda
382 306 475 337 recta
498 305 642 337 suaviter
946 304 1016 338 Deo
1043 305 1139 338 valde
1164 304 1312 337 amabilis

296 353 336 385 ln
363 353 432 393 ejus
457 353 624 393 memoria,
994 354 1032 386 In
1060 354 1168 386 carnis
1191 353 1387 393 praesentia..

169 411 227 443 2a.
255 410 385 443 Nobilis
412 414 482 444 erat
507 419 633 453 genere,
864 411 922 444 2b.
944 411 1140 445 Benedictus
1164 420 1247 452 puer
1273 419 1375 452 carus,

250 458 401 491 Nobilior
425 458 461 491 in
486 467 595 500 opere,
946 460 1025 493 Pius
1049 459 1193 501 placens,
1220 460 1312 491 vultu
1337 459 1455 501 clarus,

298 507 345 541 Ut
370 505 481 540 fantur
505 507 691 548 sequentia:
996 508 1089 541 Omni
1114 508 1230 548 plenus
1255 507 1369 549 gratia,

166 566 222 600 3a.
249 566 382 598 Patrem
405 564 488 605 fugit
513 570 548 599 et
570 565 724 606 patriam,
863 565 923 600 ab.
947 562 1494 606 Sprevitmundummundiflorem,

251 612 408 646 Sustinuit
432 613 597 646 miseriam
944 613 1006 646 Dei
1033 614 1136 646 crevit
1159 615 1194 647 in
1218 622 1359 646 amorem

302 661 471 694 Voluntate
495 661 641 702 propria.
994 661 1075 695 Cum
1098 662 1229 695 honoris
1254 662 1368 704 gloria.

168 721 226 752 4a.
253 718 344 759 Quod
359 717 546 760 frequenter
559 716 800 758 haecostendit,
861 718 921 753 410.
946 718 1127 753 Universae
1151 719 1308 752 bonitatis

249 767 336 806 Quae
361 767 396 799 in
420 767 477 800 illo
502 776 567 800 non
591 765 726 799 offendit
944 767 1050 800 Datae
1075 768 1154 800 viris
1178 767 1368 809 approbatis

298 815 361 848 Dei
386 815 558 856 sapientia.
996 815 1145 848 Continet
1173 816 1321 857 insignia.

163 875 222 908 52..
247 874 287 906 1n
312 874 469 915 spelunca
493 873 685 913 occultatur,
861 873 922 906 510.
945 874 983 906 In
1008 876 1173 914 pastorem
1198 874 1338 915 eligitur,

248 921 424 954 Revelatus
452 921 646 964 declaratur,
946 921 1084 963 Gregem
1109 923 1215 963 pascit
1241 926 1273 954 et
1297 923 1443 962 pascitur

296 970 481 1011 Applaudit
505 969 612 1012 Italia,
992 971 1056 1003 Per
1083 970 1159 1004 diva
1184 970 1319 1011 eloquia.

165 1030 222 1062 6a.
249 1027 353 1060 Lucet
377 1027 476 1060 verbo
503 1032 535 1060 et
560 1027 718 1068 exemplo,
861 1028 920 1063 6b.
941 1029 1004 1061 Tot
1030 1031 1062 1060 et
1086 1030 1186 1061 tantis
1210 1028 1375 1060 miraculis

246 1075 354 1118 Domi,
380 1074 461 1109 foris
488 1079 520 1108 et
543 1075 578 1108 in
603 1075 736 1116 templo,
942 1075 1075 1109 Effulsit
1100 1084 1205 1109 coram
1230 1076 1369 1117 populis,

298 1124 486 1166 Congaudet
512 1124 657 1159 ecclesia,
991 1125 1074 1157 Pars
1102 1125 1226 1157 celatur
1250 1124 1368 1159 media.

163 1184 221 1216 7a.
247 1181 356 1223 Fugat
379 1190 502 1222 necem,
527 1182 656 1214 morbos
682 1180 786 1222 pellit²
863 1182 920 1216 7b.
943 1182 1115 1215 Benedicti
1139 1182 1297 1215 miracula

250 1231 410 1264 Vitiorum
435 1239 514 1263 onus
541 1230 628 1262 tollit
943 1230 1018 1262 Non
1043 1233 1138 1263 sonat
1163 1230 1227 1263 oris
1252 1229 1373 1271 fabula,

295 1277 475 1311 Refraenat
501 1279 680 1318 daemonia,
990 1278 1097 1310 Multa
1122 1281 1197 1311 sunt
1223 1281 1254 1310 et
1279 1279 1424 1320 grandia.

162 1338 217 1371 8a.
245 1337 354 1370 Febre
378 1340 483 1369 tactus
508 1336 711 1368 incommodo
859 1336 917 1369 8b.
941 1336 1151 1369 Sacramenta
1177 1336 1398 1375 communicat,

244 1384 422 1418 Absolutus
454 1385 569 1425 culpae
594 1384 680 1418 nodo
941 1384 1079 1417 Absenti
1105 1383 1201 1417 fratri
1226 1384 1351 1417 indicat

293 1433 382 1467 Petit
406 1434 558 1475 oratoria,
992 1432 1091 1474 Signa
1118 1433 1316 1466 transitoria.

158 1492 215 1525 9a.
242 1491 374 1524 Transit
400 1494 496 1533 pater
522 1491 564 1525 ad
590 1491 775 1531 Dominum,
858 1491 918 1527 9b.
942 1492 967 1525 O
995 1491 1071 1532 dux,
1099 1494 1194 1531 pater
1218 1491 1407 1531 Benedicta

244 1540 334 1572 Vivit
357 1540 391 1571 in
416 1540 492 1573 aula
516 1540 669 1572 luminum
943 1539 1046 1572 Nobis
1074 1538 1185 1572 confer
1207 1541 1350 1580 palmam
1372 1538 1458 1573 vitae

290 1588 465 1622 Possidens
492 1588 664 1630 coelestia3
990 1589 1028 1620 In
1055 1597 1196 1629 superna
1220 1589 1338 1629 patria.

234 1674 352 1703 Prosar.
373 1683 427 1702 ms.
448 1674 678 1702 Mai-chianense
697 1682 774 1702 saec.
801 1672 846 1702 15.
868 1672 939 1702 Cod.
962 1674 1109 1703 Duaeens.
1133 1671 1196 1702 123.

575 1835 638 1867 189.
677 1834 723 1867 De
743 1836 851 1867 sancto
871 1834 1066 1868 Bernhardo.

156 1920 212 1953 la.
239 1918 286 1952 Ut
312 1919 429 1951 devote
453 1918 663 1960 compleatur,
855 1917 912 1951 lb.
935 1918 1019 1951 Nam
1044 1918 1079 1950 in
1102 1919 1199 1950 coelis
1227 1918 1402 1958 coronavit,

241 1967 332 2007 Quod
350 1966 540 2008 psalmistae
558 1975 621 1999 vox
634 1967 792 2008 hortatur,
939 1966 1024 2006 Quos
1048 1967 1082 1999 in
1107 1967 1204 1999 terris
1231 1967 1441 2007 consecravit,

241 2016 328 2048 Laus
354 2016 388 2048 in
410 2016 530 2049 sanctis
555 2016 762 2057 persolvatur
938 2017 1076 2055 Quorum
1105 2024 1232 2048 cursum
1259 2015 1490 2049 consummavit

288 2064 479 2098 Sanctorum
507 2062 636 2105 opifici3
986 2064 1162 2105 Triumpho
1188 2064 1370 2106 multiplici.

153 2136 211 2168 2a.
238 2133 332 2168 Bona
355 2140 473 2174 nempe
497 2132 684 2165 studeamus
854 2131 917 2166 212.
938 2131 1059 2173 Quibus
1085 2131 1155 2166 Deo
1180 2129 1361 2166 floruerunt

236 2182 422 2222 Remorum,
450 2190 529 2221 quos
555 2190 710 2222 amamuS,
937 2181 983 2213 Et
1007 2181 1148 2214 transire
1172 2184 1360 2214 meruerunt

285 2230 414 2264 Imitari
438 2230 557 2271 studia,
984 2230 1039 2262 Ad
1062 2232 1196 2263 aeterna
1220 2229 1349 2271 gaudia.

151 2300 208 2334 3a.
236 2299 288 2333 Ex
313 2299 381 2332 illis
407 2301 538 2332 sauctus
564 2298 774 2331 Bernhardus
854 2296 913 2332 3b.
939 2297 1052 2331 Gloria
1077 2298 1306 2331 miraculorum

235 2349 416 2391 Tamquam
439 2348 586 2390 pretiosa
610 2346 730 2381 nardus
935 2346 979 2379 Et
1003 2347 1179 2388 splendore
1202 2348 1391 2380 meritorum

284 2398 426 2432 Redolet
453 2396 599 2439 collegio,
983 2396 1134 2430 Rutilans
1164 2396 1303 2439 egregio.
