1652 2678
669 89 936 124 —221—

551 194 621 227 295.
654 194 700 226 De
719 194 834 226 saneta
853 191 1048 225 Katharina.

128 275 187 309 la.
215 275 322 310 Cantu
348 275 446 319 dulci,

261 331 341 356 voce
365 323 511 357 laetitiae

214 373 418 405 venerentur

264 419 380 453 fideles
401 420 502 454 hodie

214 469 336 509 Regem
362 467 539 509 Christum,

265 517 413 550 datorem
435 517 560 558 veniae,

314 564 373 598 Cui
394 565 465 598 laus
493 566 599 598 datur.

131 624 190 656 2a.
218 623 327 656 Tanta
349 623 454 665 virgo,

261 671 409 711 pulchra,
441 674 508 703 tam
532 671 673 711 sapiens,

218 719 394 759 Generosa,

262 767 420 800 mundum
447 767 640 807 despiciens

217 815 423 849 Christianae

265 862 345 897 fidei
368 864 514 896 serviens

315 911 577 946 commendatur.

135 972 195 1005 Sa,
222 970 266 1003 Ei
289 973 399 1003 tamen

266 1021 430 1050 tormenta
453 1018 546 1051 varia

220 1066 473 1107 Praeparantur,

267 1115 328 1147 sed
352 1113 417 1146 Dei
440 1114 547 1155 gratia

221 1162 416 1202 Katharina,

268 1209 387 1250 fidelis,
413 1211 503 1251 regia

317 1258 503 1292 Liberatur.

135 1319 195 1352 43.
222 1316 293 1351 Illis
321 1316 411 1357 virgo

267 1364 443 1397 Dominum
467 1364 649 1405 praedicat,

220 1413 343 1446 Christi
366 1411 450 1445 fides

268 1469 322 1493 eos
352 1460 545 1494 mundlficat

217 1509 264 1542 Et
287 1509 422 1550 spiritus

267 1560 398 1590 sanctus
422 1554 585 1598 purificat,

319 1606 375 1639 Sic
398 1606 560 1639 lavantur.

832 274 890 311 lb.
912 275 967 308 Ad
994 282 1088 315 quem
1113 272 1223 306 tendit

961 322 1077 355 mentis
1100 321 1238 354 intentio

915 370 1129 410 Katharinae‚

965 427 1048 459 quae
1070 418 1134 451 Dei
1157 417 1226 451 filio

913 467 1101 508 Maritatur,

965 515 1046 548 duro
1076 514 1237 555 supplicio

1014 563 1225 598 sublimatur.

831 621 891 655 ab.
914 621 1007 654 Haec
1033 621 1154 654 devicit

966 678 1105 710 carnem,
1138 668 1352 709 daemonium,

917 717 1002 750 Vicit
1027 718 1180 758 nundum,

965 765 1045 798 vicit
1066 765 1281 808 Maxentium,

915 813 1089 855 Superavit

964 863 1102 895 insultus
1128 862 1269 894 hostium

1013 911 1059 943 Et
1085 911 1237 943 laetatur.

833 968 895 1002 3b.
917 968 982 1001 Res
1006 972 1056 1001 est
1079 969 1173 1009 mira,

967 1016 1115 1050 doctores
1141 1016 1284 1056 veniunt,

916 1065 1015 1097 Artes
1041 1065 1171 1105 cedunt,

967 1112 1084 1154 virgini
1109 1113 1267 1154 serviunt,

921 1160 1108 1193 Sententiae

969 1207 1073 1241 falsae
1098 1207 1263 1250 deficiunt,

1017 1257 1232 1296 Superantur.

835 1313 896 1349 41).
918 1313 992 1347 Non
1012 1317 1151 1346 uruntur

966 1363 1050 1404 ignis
1074 1362 1238 1403 incendio,

918 1411 973 1443 Illi
997 1410 1131 1443 tandem

966 1457 1115 1491 flammae
1139 1458 1299 1500 supplicio

921 1507 999 1541 Cum
1027 1507 1164 1548 virgine,

970 1565 1053 1598 quae
1075 1554 1151 1588 finit
1175 1556 1295 1597 gladio,

1023 1604 1238 1638 Coronantur.

488 1663 518 1695 5.
548 1661 647 1695 Alma
672 1662 774 1703 virgo,

595 1710 667 1742 Deo
692 1709 855 1752 amabilis,

548 1757 604 1791 Ad
627 1758 820 1799 rogandum,

597 1815 658 1847 pro
683 1806 778 1839 nobis
808 1806 938 1849 habilis,

549 1854 666 1889 Funde
697 1863 823 1896 preces,

598 1903 745 1944 prudens
770 1906 805 1936 et
826 1903 957 1945 nobilis,

597 1952 698 1994 Apud
715 1950 832 1993 Deum,
856 1955 893 1984 ut
908 1952 1082 1986 exorabilis

645 2000 826 2036 Habeatur.

215 2091 300 2119 Miss.
323 2098 378 2118 ms.
400 2089 431 2117 S.
453 2088 614 2125 Gangeriei
637 2095 714 2116 saec.
739 2085 784 2115 15.
807 2086 879 2115 Cod.
902 2087 1108 2116 Cameracens.
1133 2085 1195 2116 145.

556 2221 624 2254 296.
667 2219 712 2253 De
733 2221 845 2253 sancta
865 2220 1060 2254 Katharina.

845 2302 905 2337 lb.
929 2301 1137 2336 Gratulemus
1164 2302 1388 2338 collaudantes

927 2350 1133 2386 Katharinae
1159 2353 1369 2387 decantantes

977 2401 1108 2435 Laudes
1134 2404 1168 2435 et
1190 2402 1376 2444 praeconia.

137 2307 196 2343 la.
226 2306 347 2347 Fulget
373 2304 443 2337 dies
468 2302 688 2345 triumphalis,

222 2355 292 2396 Qua
317 2353 478 2396 triumphi
502 2351 673 2395 virginalis

271 2404 394 2447 Agitur
418 2402 585 2446 memoria,
