1652 2678
104 183 162 215 4a.

659 79 898 114 -44-

190 180 301 213 Nolite
325 188 513 222 pavescere,

191 228 294 273 Hanc,
324 229 426 262 donec
450 237 471 260 a
495 226 608 259 funere

192 276 338 318 Surgam,
365 275 465 316 glisco
493 275 631 307 condere

238 325 413 358 visionem.

106 384 162 416 53..
191 383 276 415 Nam
301 381 434 415 coelesti
458 380 576 422 patria,

190 431 280 471 Quae
305 429 469 473 gustastis,
496 427 604 461 dulcia

195 478 378 511 Humilibus
403 476 523 517 gaudia

239 527 320 559 Volo
347 525 428 559 dari.

805 174 867 208 4b.
892 172 1035 206 Discatis
1062 170 1122 202 hoc
1147 178 1246 210 opere

891 220 1088 256 Jaetantiam
1114 217 1237 259 fugere,

889 270 985 302 Hanc
1009 267 1082 301 volo
1107 276 1165 300 vos
1192 266 1320 299 discere

937 316 1136 350 Lectionem,

804 375 864 410 5b.
886 373 976 415 Jesu,
1002 382 1060 406 nos
1087 372 1140 405 fao
1164 374 1270 415 gratia

886 422 1047 464 Humiles,
1072 424 1109 453 ut
1132 422 1268 461 propria

889 471 1048 511 Queamus
1073 469 1108 501 in
1133 469 1237 510 gloria

938 519 1000 551 His
1026 517 1140 551 cibari.

181 603 299 630 Prosar.
319 610 373 629 ms.
396 599 537 628 Gulielmi
557 597 653 627 Lovel
675 598 746 625 anni
768 594 852 625 1572.
876 594 946 623 Cod.
961 595 1152 624 Ambianens.
1177 592 1240 623 132.
1262 609 1300 613 —-
1313 594 1384 622 Mel.
1433 606 1445 609 -

103 642 246 670 Laetetur
266 640 400 668 eeclesia.

532 741 581 773 54.
614 739 658 771 De
679 738 821 771 omnibus
842 736 936 769 festis
958 738 1014 769 DN.

475 814 504 847 1.
533 812 693 852 Virginali
717 811 859 843 thalamo

603 860 690 893 Dum
714 858 876 900 processit
897 857 994 896 filius,

556 909 654 943 Unde
678 917 737 940 nos
762 907 948 948 redimeret,

604 966 668 989 non
694 956 837 989 habebat
861 956 986 988 melius.

801 1012 861 1047 2b.
882 1013 950 1046 Dat
974 1014 1110 1046 salutem
1134 1012 1306 1054 languidis,

937 1063 994 1095 dat
1017 1070 1131 1103 paoem
1158 1065 1190 1093 et
1214 1060 1342 1102 gaudia,

188 1113 335 1147 Tandem
355 1112 504 1155 patefieri
886 1110 1027 1150 Quorum
1053 1110 1096 1142 ad
1119 1110 1271 1142 interitus

237 1163 348 1195 volens
374 1162 550 1203 evangelia.
933 1159 1092 1199 patebant
1115 1158 1266 1199 suspiria.

104 1222 161 1255 Sa.
189 1220 286 1261 Vagit
311 1219 419 1252 infans
802 1216 860 1252 3b.
882 1216 987 1257 Super
1009 1218 1099 1250 astra

234 1270 323 1300 artus
348 1269 382 1300 in
407 1268 574 1308 cunabulo,
933 1267 1049 1306 regnat
1077 1264 1111 1296 in
1138 1263 1341 1304 coelestibus,

187 1317 293 1350 Parvo
319 1316 412 1349 lactis
884 1314 945 1354 Qui
973 1314 1030 1347 dat
1055 1321 1163 1345 escam

240 1365 375 1397 satiatus
401 1364 530 1405 pabulo.
933 1362 1046 1394 bestiis
1073 1364 1106 1393 et
1130 1362 1254 1395 avibus.

104 1020 162 1052 221.
189 1017 294 1058 Leges
320 1017 539 1050 occultaverat

236 1069 332 1106 atque
357 1065 520 1108 vaticinia,

102 1424 159 1457 4a.
187 1423 330 1455 Mundus
356 1423 457 1455 intrat
480 1423 657 1463 lavacrum,
800 1419 860 1454 4b.
883 1420 949 1453 Per
973 1429 1088 1461 aquam
1115 1423 1148 1451 et
1173 1419 1324 1460 spiritum

187 1471 359 1505 Destruxit
385 1471 602 1511 simulacrum,
885 1468 999 1510 Signat
1022 1470 1100 1501 item
1125 1468 1279 1509 genitum.

104 1532 159 1564 5a.
187 1530 321 1563 Planum
348 1530 411 1562 iter
437 1532 470 1561 et
494 1531 662 1571 acceptum
800 1526 859 1561 5b.
883 1527 945 1559 Hic
969 1529 1123 1567 tentatur,
1150 1535 1192 1559 ne
1216 1528 1389 1566 tentemur,

188 1578 339 1610 Tendens
362 1578 454 1610 vadit
479 1579 512 1611 in
539 1579 712 1620 desertum,
885 1575 950 1608 Sed
976 1585 996 1608 a
1018 1575 1113 1608 malis
1135 1575 1321 1607 liberemur.

105 1637 160 1670 6a.
189 1636 401 1678 Quoscunque
428 1639 517 1669 terra
540 1636 690 1678 parturit,
802 1633 860 1668 6b.
884 1633 1039 1667 Traditus
1067 1643 1087 1666 a
1114 1633 1274 1674 discipulo

188 1685 287 1726 Fons,
314 1685 407 1726 panis
432 1685 511 1723 sitit,
540 1684 649 1718 esurit.

237 1733 309 1766 Nec
333 1734 477 1774 corporis
502 1734 644 1766 edulium
932 1731 1004 1763 Nec
1023 1729 1184 1772 flagellari
1210 1730 1327 1770 renuit,

238 1782 304 1815 Sed
329 1782 465 1815 salutem
488 1781 643 1815 fidelium.
935 1780 996 1820 Qui
1019 1779 1105 1812 mori
1128 1782 1246 1820 sponte
1269 1779 1383 1811 voluit.

107 1842 164 1874 7a.
193 1839 312 1873 Christi
338 1840 542 1885 resurreetio,
804 1839 822 1872 7
831 1837 863 1872 b.
883 1838 940 1870 Fit
962 1841 1075 1871 nostra
1100 1838 1294 1878 redemptio,

190 1889 246 1921 Ad
271 1890 376 1922 coelos
402 1889 558 1931 ascensio,
887 1887 982 1920 Salus
1008 1890 1042 1920 et
1065 1886 1237 1927 protectio,

191 1937 251 1969 Pia
277 1937 463 1981 consolatio,
887 1937 958 1970 Pax
981 1939 1015 1968 et
1038 1935 1214 1975 reparatio.

106 1995 163 2028 Sa.
189 1996 254 2028 Per
278 1994 406 2029 fraudis
428 1996 574 2028 osculum
803 1994 864 2029 Sb.
886 1994 956 2026 Nos
982 2002 1057 2035 ergo
1083 1993 1233 2025 sedulum

191 2043 238 2075 Et
261 2042 349 2075 fellis
374 2044 524 2083 poculum
890 2041 1050 2075 Canamus
1074 2042 1241 2075 modulum

190 2091 343 2124 Redemit
364 2092 538 2133 saeculum,
890 2090 956 2122 Sed
981 2099 1046 2123 non
1072 2089 1115 2122 ad
1138 2091 1276 2123 oculum.

107 2151 163 2183 9a.
193 2150 335 2191 Sequens
361 2150 498 2182 historia
805 2148 865 2183 9b.
888 2148 957 2180 Nos
984 2157 1059 2190 ergo
1086 2152 1198 2182 mutua

191 2198 314 2231 Narrat
337 2199 419 2231 haec
448 2198 555 2230 omnia
888 2196 1013 2229 Dantes
1039 2196 1186 2237 tripudia

190 2247 255 2279 Per
280 2247 457 2288 evangelia,
893 2246 1075 2279 Psallamus
1103 2246 1162 2278 eia.

887 1681 978 1723 Capi,
1004 1682 1101 1724 ligari
1125 1682 1264 1726 vinculo,

184 2322 269 2350 Miss.
289 2331 343 2350 ms.
366 2321 395 2350 S.
417 2323 566 2351 Johannis
587 2322 780 2350 Ambianens.
802 2330 879 2351 saec.
903 2321 948 2350 15.
965 2323 1038 2351 Cod.
1052 2321 1249 2351 Ambianens.
1273 2320 1338 2351 163.
1360 2325 1395 2352 A.
1412 2341 1451 2346 —-

106 2361 476 2428 ggggfflgrgssshfhlielmi
501 2363 596 2390 Lovel
624 2362 695 2389 anni
724 2359 808 2389 1572.
832 2360 902 2389 Cod.
926 2361 1119 2390 Ambianens.
1148 2359 1214 2390 132.
1235 2363 1268 2390 B.
1290 2378 1329 2383 —
1347 2361 1408 2397 2a,
1434 2363 1449 2392 1
