<?xml version="1.0" encoding="UTF-8"?>
<!DOCTYPE html PUBLIC "-//W3C//DTD XHTML 1.0 Transitional//EN"
    "http://www.w3.org/TR/xhtml1/DTD/xhtml1-transitional.dtd">
<html xmlns="http://www.w3.org/1999/xhtml" xml:lang="en" lang="en">
 <head>
  <title>
</title>
<meta http-equiv="Content-Type" content="text/html;charset=utf-8" />
  <meta name='ocr-system' content='tesseract 3.04.00' />
  <meta name='ocr-capabilities' content='ocr_page ocr_carea ocr_par ocr_line ocrx_word'/>
</head>
<body>
  <div class='ocr_page' id='page_1' title='image "./analectahymnica10drevuoft_00184.png"; bbox 0 0 1652 2678; ppageno 0'>
   <div class='ocr_carea' id='block_1_1' title="bbox 202 196 261 229">
    <p class='ocr_par' dir='ltr' id='par_1_1' title="bbox 202 196 261 229">
     <span class='ocr_line' id='line_1_1' title="bbox 202 196 261 229; baseline -0.034 0"><span class='ocrx_word' id='word_1_1' title='bbox 202 196 261 229; x_wconf 81' lang='lat' dir='ltr'>3a.</span> 
     </span>
    </p>
   </div>
   <div class='ocr_carea' id='block_1_2' title="bbox 205 640 265 674">
    <p class='ocr_par' dir='ltr' id='par_1_2' title="bbox 205 640 265 674">
     <span class='ocr_line' id='line_1_2' title="bbox 205 640 265 674; baseline 0 -1"><span class='ocrx_word' id='word_1_2' title='bbox 205 640 265 674; x_wconf 81' lang='lat' dir='ltr'>la.</span> 
     </span>
    </p>
   </div>
   <div class='ocr_carea' id='block_1_3' title="bbox 204 795 262 828">
    <p class='ocr_par' dir='ltr' id='par_1_3' title="bbox 204 795 262 828">
     <span class='ocr_line' id='line_1_3' title="bbox 204 795 262 828; baseline 0 -1"><span class='ocrx_word' id='word_1_3' title='bbox 204 795 262 828; x_wconf 85' lang='lat' dir='ltr'>2a.</span> 
     </span>
    </p>
   </div>
   <div class='ocr_carea' id='block_1_4' title="bbox 202 950 259 983">
    <p class='ocr_par' dir='ltr' id='par_1_4' title="bbox 202 950 259 983">
     <span class='ocr_line' id='line_1_4' title="bbox 202 950 259 983; baseline 0.018 -2"><span class='ocrx_word' id='word_1_4' title='bbox 202 950 259 983; x_wconf 86' lang='lat' dir='ltr'>3a.</span> 
     </span>
    </p>
   </div>
   <div class='ocr_carea' id='block_1_5' title="bbox 203 1105 262 1136">
    <p class='ocr_par' dir='ltr' id='par_1_5' title="bbox 203 1105 262 1136">
     <span class='ocr_line' id='line_1_5' title="bbox 203 1105 262 1136; baseline -0.017 0"><span class='ocrx_word' id='word_1_5' title='bbox 203 1105 262 1136; x_wconf 82' lang='lat' dir='ltr'>4a.</span> 
     </span>
    </p>
   </div>
   <div class='ocr_carea' id='block_1_6' title="bbox 203 1258 260 1290">
    <p class='ocr_par' dir='ltr' id='par_1_6' title="bbox 203 1258 260 1290">
     <span class='ocr_line' id='line_1_6' title="bbox 203 1258 260 1290; baseline -0.018 0"><span class='ocrx_word' id='word_1_6' title='bbox 203 1258 260 1290; x_wconf 85' lang='lat' dir='ltr'>5a.</span> 
     </span>
    </p>
   </div>
   <div class='ocr_carea' id='block_1_7' title="bbox 202 1413 259 1445">
    <p class='ocr_par' dir='ltr' id='par_1_7' title="bbox 202 1413 259 1445">
     <span class='ocr_line' id='line_1_7' title="bbox 202 1413 259 1445; baseline -0.018 0"><span class='ocrx_word' id='word_1_7' title='bbox 202 1413 259 1445; x_wconf 87' lang='lat' dir='ltr'>6a.</span> 
     </span>
    </p>
   </div>
   <div class='ocr_carea' id='block_1_8' title="bbox 200 1567 256 1599">
    <p class='ocr_par' dir='ltr' id='par_1_8' title="bbox 200 1567 256 1599">
     <span class='ocr_line' id='line_1_8' title="bbox 200 1567 256 1599; baseline 0 0"><span class='ocrx_word' id='word_1_8' title='bbox 200 1567 256 1599; x_wconf 83' lang='lat' dir='ltr'>7a.</span> 
     </span>
    </p>
   </div>
   <div class='ocr_carea' id='block_1_9' title="bbox 200 1721 260 1754">
    <p class='ocr_par' dir='ltr' id='par_1_9' title="bbox 200 1721 260 1754">
     <span class='ocr_line' id='line_1_9' title="bbox 200 1721 260 1754; baseline -0.017 0"><span class='ocrx_word' id='word_1_9' title='bbox 200 1721 260 1754; x_wconf 73' lang='lat' dir='ltr'>Sa.</span> 
     </span>
    </p>
   </div>
   <div class='ocr_carea' id='block_1_10' title="bbox 198 2160 254 2194">
    <p class='ocr_par' dir='ltr' id='par_1_10' title="bbox 198 2160 254 2194">
     <span class='ocr_line' id='line_1_10' title="bbox 198 2160 254 2194; baseline -0.054 0"><span class='ocrx_word' id='word_1_10' title='bbox 198 2160 254 2194; x_wconf 80' lang='lat' dir='ltr'>la.</span> 
     </span>
    </p>
   </div>
   <div class='ocr_carea' id='block_1_11' title="bbox 194 2319 254 2352">
    <p class='ocr_par' dir='ltr' id='par_1_11' title="bbox 194 2319 254 2352">
     <span class='ocr_line' id='line_1_11' title="bbox 194 2319 254 2352; baseline 0 -1"><span class='ocrx_word' id='word_1_11' title='bbox 194 2319 254 2352; x_wconf 83' lang='lat' dir='ltr'>2a.</span> 
     </span>
    </p>
   </div>
   <div class='ocr_carea' id='block_1_12' title="bbox 741 98 1006 134">
    <p class='ocr_par' dir='ltr' id='par_1_12' title="bbox 741 98 1006 134">
     <span class='ocr_line' id='line_1_12' title="bbox 741 98 1006 134; baseline 0 0"><span class='ocrx_word' id='word_1_12' title='bbox 741 98 1006 134; x_wconf 81' lang='lat'>—181—</span> 
     </span>
    </p>
   </div>
   <div class='ocr_carea' id='block_1_13' title="bbox 287 194 835 376">
    <p class='ocr_par' dir='ltr' id='par_1_13' title="bbox 288 194 835 241">
     <span class='ocr_line' id='line_1_13' title="bbox 288 194 835 241; baseline 0.005 -14"><span class='ocrx_word' id='word_1_13' title='bbox 288 194 391 236; x_wconf 81' lang='lat' dir='ltr'>Virga</span> <span class='ocrx_word' id='word_1_14' title='bbox 414 196 530 237; x_wconf 89' lang='lat' dir='ltr'>sancti,</span> <span class='ocrx_word' id='word_1_15' title='bbox 557 204 653 236; x_wconf 80' lang='lat' dir='ltr'>quam</span> <span class='ocrx_word' id='word_1_16' title='bbox 677 197 835 241; x_wconf 77' lang='lat' dir='ltr'>gestabat,</span> 
     </span>
    </p>

    <p class='ocr_par' dir='ltr' id='par_1_14' title="bbox 287 242 779 289">
     <span class='ocr_line' id='line_1_14' title="bbox 287 242 779 289; baseline 0.006 -14"><span class='ocrx_word' id='word_1_17' title='bbox 287 242 373 275; x_wconf 85' lang='lat' dir='ltr'>Dum</span> <span class='ocrx_word' id='word_1_18' title='bbox 400 248 519 284; x_wconf 87' lang='lat' dir='ltr'>oraret,</span> <span class='ocrx_word' id='word_1_19' title='bbox 545 247 635 277; x_wconf 85' lang='lat' dir='ltr'>recta</span> <span class='ocrx_word' id='word_1_20' title='bbox 659 245 779 289; x_wconf 88' lang='lat' dir='ltr'>stabat,</span> 
     </span>
    </p>

    <p class='ocr_par' dir='ltr' id='par_1_15' title="bbox 289 290 759 376">
     <span class='ocr_line' id='line_1_15' title="bbox 289 290 759 333; baseline 0.004 -9"><span class='ocrx_word' id='word_1_21' title='bbox 289 290 379 324; x_wconf 87' lang='lat' dir='ltr'>Coeli</span> <span class='ocrx_word' id='word_1_22' title='bbox 405 293 528 333; x_wconf 86' lang='lat' dir='ltr'>quippe</span> <span class='ocrx_word' id='word_1_23' title='bbox 553 293 759 327; x_wconf 86' lang='lat' dir='ltr'>sustentabat</span> 
     </span>
     <span class='ocr_line' id='line_1_16' title="bbox 334 340 688 376; baseline 0.006 -3"><span class='ocrx_word' id='word_1_24' title='bbox 334 340 417 373; x_wconf 85' lang='lat' dir='ltr'>Eam</span> <span class='ocrx_word' id='word_1_25' title='bbox 444 340 688 376; x_wconf 82' lang='lat' dir='ltr'>adminiculum.</span> 
     </span>
    </p>
   </div>
   <div class='ocr_carea' id='block_1_14' title="bbox 905 195 965 230">
    <p class='ocr_par' dir='ltr' id='par_1_16' title="bbox 905 195 965 230">
     <span class='ocr_line' id='line_1_17' title="bbox 905 195 965 230; baseline -0.033 0"><span class='ocrx_word' id='word_1_26' title='bbox 905 195 965 230; x_wconf 79' lang='lat'>3¹0.</span> 
     </span>
    </p>
   </div>
   <div class='ocr_carea' id='block_1_15' title="bbox 988 194 1541 375">
    <p class='ocr_par' dir='ltr' id='par_1_17' title="bbox 988 194 1484 237">
     <span class='ocr_line' id='line_1_18' title="bbox 988 194 1484 237; baseline -0.01 -7"><span class='ocrx_word' id='word_1_27' title='bbox 988 197 1107 230; x_wconf 83' lang='lat' dir='ltr'>Pastor</span> <span class='ocrx_word' id='word_1_28' title='bbox 1131 195 1226 237; x_wconf 87' lang='lat' dir='ltr'>bone,</span> <span class='ocrx_word' id='word_1_29' title='bbox 1254 195 1341 227; x_wconf 86' lang='lat' dir='ltr'>salus</span> <span class='ocrx_word' id='word_1_30' title='bbox 1367 194 1484 236; x_wconf 85' lang='lat' dir='ltr'>gregis,</span> 
     </span>
    </p>

    <p class='ocr_par' dir='ltr' id='par_1_18' title="bbox 989 243 1540 286">
     <span class='ocr_line' id='line_1_19' title="bbox 989 243 1540 286; baseline -0.007 -8"><span class='ocrx_word' id='word_1_31' title='bbox 989 245 1050 285; x_wconf 74' lang='lat' dir='ltr'>Qui</span> <span class='ocrx_word' id='word_1_32' title='bbox 1075 253 1132 278; x_wconf 91' lang='lat' dir='ltr'>nos</span> <span class='ocrx_word' id='word_1_33' title='bbox 1153 244 1271 286; x_wconf 84' lang='lat' dir='ltr'>salvas,</span> <span class='ocrx_word' id='word_1_34' title='bbox 1298 243 1352 284; x_wconf 85' lang='lat' dir='ltr'>qui</span> <span class='ocrx_word' id='word_1_35' title='bbox 1369 251 1427 275; x_wconf 90' lang='lat' dir='ltr'>nos</span> <span class='ocrx_word' id='word_1_36' title='bbox 1446 243 1540 283; x_wconf 86' lang='lat' dir='ltr'>regis,</span> 
     </span>
    </p>

    <p class='ocr_par' dir='ltr' id='par_1_19' title="bbox 989 290 1541 375">
     <span class='ocr_line' id='line_1_20' title="bbox 989 290 1541 331; baseline -0.009 -4"><span class='ocrx_word' id='word_1_37' title='bbox 989 293 1058 326; x_wconf 85' lang='lat' dir='ltr'>Fac</span> <span class='ocrx_word' id='word_1_38' title='bbox 1082 301 1140 326; x_wconf 90' lang='lat' dir='ltr'>nos</span> <span class='ocrx_word' id='word_1_39' title='bbox 1167 300 1286 324; x_wconf 88' lang='lat' dir='ltr'>coenae</span> <span class='ocrx_word' id='word_1_40' title='bbox 1311 290 1427 324; x_wconf 87' lang='lat' dir='ltr'>summi</span> <span class='ocrx_word' id='word_1_41' title='bbox 1457 291 1541 331; x_wconf 85' lang='lat' dir='ltr'>regis</span> 
     </span>
     <span class='ocr_line' id='line_1_21' title="bbox 1040 339 1456 375; baseline -0.012 0"><span class='ocrx_word' id='word_1_42' title='bbox 1040 340 1199 375; x_wconf 81' lang='lat' dir='ltr'>Convivas</span> <span class='ocrx_word' id='word_1_43' title='bbox 1224 341 1258 372; x_wconf 88' lang='lat' dir='ltr'>in</span> <span class='ocrx_word' id='word_1_44' title='bbox 1284 339 1456 372; x_wconf 82' lang='lat' dir='ltr'>saeculum.</span> 
     </span>
    </p>
   </div>
   <div class='ocr_carea' id='block_1_16' title="bbox 200 414 1541 484">
    <p class='ocr_par' dir='ltr' id='par_1_20' title="bbox 200 414 1541 484">
     <span class='ocr_line' id='line_1_22' title="bbox 279 414 1541 452; baseline -0.002 -9"><span class='ocrx_word' id='word_1_45' title='bbox 279 416 364 444; x_wconf 87' lang='lat' dir='ltr'>Miss.</span> <span class='ocrx_word' id='word_1_46' title='bbox 384 425 438 445; x_wconf 91' lang='lat' dir='ltr'>ms.</span> <span class='ocrx_word' id='word_1_47' title='bbox 455 416 668 446; x_wconf 83' lang='lat' dir='ltr'>Cameracense</span> <span class='ocrx_word' id='word_1_48' title='bbox 682 426 760 446; x_wconf 80' lang='lat' dir='ltr'>saec.</span> <span class='ocrx_word' id='word_1_49' title='bbox 777 417 820 446; x_wconf 84' lang='lat'>14.</span> <span class='ocrx_word' id='word_1_50' title='bbox 837 416 907 445; x_wconf 82' lang='lat' dir='ltr'>Cod.</span> <span class='ocrx_word' id='word_1_51' title='bbox 924 417 1126 446; x_wconf 80' lang='lat' dir='ltr'>(&#39;ameracens.</span> <span class='ocrx_word' id='word_1_52' title='bbox 1143 414 1207 445; x_wconf 85' lang='lat'><strong>123.</strong></span> <span class='ocrx_word' id='word_1_53' title='bbox 1227 433 1267 437; x_wconf 90' lang='lat'>——</span> <span class='ocrx_word' id='word_1_54' title='bbox 1286 417 1356 445; x_wconf 84' lang='lat' dir='ltr'>Mel.</span> <span class='ocrx_word' id='word_1_55' title='bbox 1366 414 1541 452; x_wconf 69' lang='lat' dir='ltr'>jedenfalls:</span> 
     </span>
     <span class='ocr_line' id='line_1_23' title="bbox 200 455 474 484; baseline 0 -1"><span class='ocrx_word' id='word_1_56' title='bbox 200 455 333 484; x_wconf 80' lang='lat' dir='ltr'>Verbum</span> <span class='ocrx_word' id='word_1_57' title='bbox 356 456 474 484; x_wconf 89' lang='lat' dir='ltr'>bonum.</span> 
     </span>
    </p>
   </div>
   <div class='ocr_carea' id='block_1_17' title="bbox 632 558 1120 600">
    <p class='ocr_par' dir='ltr' id='par_1_21' title="bbox 632 558 1120 600">
     <span class='ocr_line' id='line_1_24' title="bbox 632 558 1120 600; baseline -0.004 -10"><span class='ocrx_word' id='word_1_58' title='bbox 632 558 703 591; x_wconf 79' lang='lat'>240.</span> <span class='ocrx_word' id='word_1_59' title='bbox 737 559 782 591; x_wconf 80' lang='lat' dir='ltr'>De</span> <span class='ocrx_word' id='word_1_60' title='bbox 802 559 911 591; x_wconf 83' lang='lat' dir='ltr'>sancto</span> <span class='ocrx_word' id='word_1_61' title='bbox 936 558 1120 600; x_wconf 75' lang='lat' dir='ltr'>Gangerico.</span> 
     </span>
    </p>
   </div>
   <div class='ocr_carea' id='block_1_18' title="bbox 287 638 758 777">
    <p class='ocr_par' dir='ltr' id='par_1_22' title="bbox 287 638 758 777">
     <span class='ocr_line' id='line_1_25' title="bbox 294 638 752 681; baseline 0 -10"><span class='ocrx_word' id='word_1_62' title='bbox 294 638 485 680; x_wconf 83' lang='lat' dir='ltr'>Gaugerice,</span> <span class='ocrx_word' id='word_1_63' title='bbox 511 648 637 681; x_wconf 87' lang='lat' dir='ltr'>gemma</span> <span class='ocrx_word' id='word_1_64' title='bbox 663 640 752 679; x_wconf 81' lang='lat' dir='ltr'>cleri,</span> 
     </span>
     <span class='ocr_line' id='line_1_26' title="bbox 287 687 745 728; baseline 0 -9"><span class='ocrx_word' id='word_1_65' title='bbox 287 687 351 719; x_wconf 90' lang='lat' dir='ltr'>Dei</span> <span class='ocrx_word' id='word_1_66' title='bbox 378 688 493 728; x_wconf 88' lang='lat' dir='ltr'>cultor,</span> <span class='ocrx_word' id='word_1_67' title='bbox 526 689 640 721; x_wconf 90' lang='lat' dir='ltr'>doctor</span> <span class='ocrx_word' id='word_1_68' title='bbox 665 688 745 728; x_wconf 81' lang='lat' dir='ltr'>veri,</span> 
     </span>
     <span class='ocr_line' id='line_1_27' title="bbox 339 734 758 777; baseline -0.002 -9"><span class='ocrx_word' id='word_1_69' title='bbox 339 734 481 777; x_wconf 81' lang='lat' dir='ltr'>Gregem</span> <span class='ocrx_word' id='word_1_70' title='bbox 504 738 595 769; x_wconf 88' lang='lat' dir='ltr'>tuum</span> <span class='ocrx_word' id='word_1_71' title='bbox 620 735 758 776; x_wconf 77' lang='lat' dir='ltr'>respice,</span> 
     </span>
    </p>
   </div>
   <div class='ocr_carea' id='block_1_19' title="bbox 290 792 819 932">
    <p class='ocr_par' dir='ltr' id='par_1_23' title="bbox 290 792 819 932">
     <span class='ocr_line' id='line_1_28' title="bbox 291 792 819 833; baseline 0.002 -9"><span class='ocrx_word' id='word_1_72' title='bbox 291 792 401 833; x_wconf 83' lang='lat' dir='ltr'>Lepra</span> <span class='ocrx_word' id='word_1_73' title='bbox 426 792 559 826; x_wconf 86' lang='lat' dir='ltr'>foedum</span> <span class='ocrx_word' id='word_1_74' title='bbox 582 795 620 824; x_wconf 85' lang='lat' dir='ltr'>tu</span> <span class='ocrx_word' id='word_1_75' title='bbox 644 793 819 833; x_wconf 86' lang='lat' dir='ltr'>mundasti,</span> 
     </span>
     <span class='ocr_line' id='line_1_29' title="bbox 290 840 701 883; baseline 0 -10"><span class='ocrx_word' id='word_1_76' title='bbox 290 840 497 883; x_wconf 86' lang='lat' dir='ltr'>Convertisti,</span> <span class='ocrx_word' id='word_1_77' title='bbox 525 841 701 882; x_wconf 79' lang='lat' dir='ltr'>baptizasti</span> 
     </span>
     <span class='ocr_line' id='line_1_30' title="bbox 335 889 710 932; baseline -0.003 -10"><span class='ocrx_word' id='word_1_78' title='bbox 335 889 446 922; x_wconf 85' lang='lat' dir='ltr'>Motus</span> <span class='ocrx_word' id='word_1_79' title='bbox 469 899 552 923; x_wconf 88' lang='lat' dir='ltr'>vena</span> <span class='ocrx_word' id='word_1_80' title='bbox 577 890 710 932; x_wconf 84' lang='lat' dir='ltr'>veniae;</span> 
     </span>
    </p>
   </div>
   <div class='ocr_carea' id='block_1_20' title="bbox 288 946 843 1084">
    <p class='ocr_par' dir='ltr' id='par_1_24' title="bbox 288 946 843 1084">
     <span class='ocr_line' id='line_1_31' title="bbox 288 946 726 988; baseline 0 -9"><span class='ocrx_word' id='word_1_81' title='bbox 288 947 340 979; x_wconf 82' lang='lat' dir='ltr'>Tu</span> <span class='ocrx_word' id='word_1_82' title='bbox 364 946 456 979; x_wconf 87' lang='lat' dir='ltr'>fuisti</span> <span class='ocrx_word' id='word_1_83' title='bbox 480 948 544 980; x_wconf 91' lang='lat' dir='ltr'>Dei</span> <span class='ocrx_word' id='word_1_84' title='bbox 568 948 726 988; x_wconf 84' lang='lat' dir='ltr'>templum</span> 
     </span>
     <span class='ocr_line' id='line_1_32' title="bbox 289 996 843 1037; baseline 0 -9"><span class='ocrx_word' id='word_1_85' title='bbox 289 996 355 1028; x_wconf 87' lang='lat' dir='ltr'>Per</span> <span class='ocrx_word' id='word_1_86' title='bbox 381 996 562 1029; x_wconf 83' lang='lat' dir='ltr'>doctrinam</span> <span class='ocrx_word' id='word_1_87' title='bbox 592 999 623 1027; x_wconf 89' lang='lat' dir='ltr'>et</span> <span class='ocrx_word' id='word_1_88' title='bbox 650 998 843 1037; x_wconf 83' lang='lat' dir='ltr'>exemplum,</span> 
     </span>
     <span class='ocr_line' id='line_1_33' title="bbox 336 1045 643 1084; baseline 0 -8"><span class='ocrx_word' id='word_1_89' title='bbox 336 1045 530 1076; x_wconf 86' lang='lat' dir='ltr'>Aromatum</span> <span class='ocrx_word' id='word_1_90' title='bbox 556 1052 643 1084; x_wconf 84' lang='lat' dir='ltr'>area,</span> 
     </span>
    </p>
   </div>
   <div class='ocr_carea' id='block_1_21' title="bbox 288 1101 822 1238">
    <p class='ocr_par' dir='ltr' id='par_1_25' title="bbox 288 1101 822 1238">
     <span class='ocr_line' id='line_1_34' title="bbox 290 1101 822 1140; baseline -0.002 -7"><span class='ocrx_word' id='word_1_91' title='bbox 290 1101 435 1134; x_wconf 87' lang='lat' dir='ltr'>Mundus</span> <span class='ocrx_word' id='word_1_92' title='bbox 461 1102 616 1135; x_wconf 86' lang='lat' dir='ltr'>mundum</span> <span class='ocrx_word' id='word_1_93' title='bbox 644 1101 822 1140; x_wconf 82' lang='lat' dir='ltr'>despexisti</span> 
     </span>
     <span class='ocr_line' id='line_1_35' title="bbox 288 1149 704 1183; baseline -0.007 -1"><span class='ocrx_word' id='word_1_94' title='bbox 288 1149 334 1182; x_wconf 79' lang='lat' dir='ltr'>Et</span> <span class='ocrx_word' id='word_1_95' title='bbox 358 1150 498 1183; x_wconf 88' lang='lat' dir='ltr'>vivendo</span> <span class='ocrx_word' id='word_1_96' title='bbox 524 1153 557 1182; x_wconf 89' lang='lat' dir='ltr'>te</span> <span class='ocrx_word' id='word_1_97' title='bbox 585 1149 704 1181; x_wconf 90' lang='lat' dir='ltr'>dedisti</span> 
     </span>
     <span class='ocr_line' id='line_1_36' title="bbox 335 1197 729 1238; baseline -0.005 -8"><span class='ocrx_word' id='word_1_98' title='bbox 335 1198 516 1238; x_wconf 78' lang='lat' dir='ltr'>Exemplar</span> <span class='ocrx_word' id='word_1_99' title='bbox 539 1197 729 1236; x_wconf 84' lang='lat' dir='ltr'>munditiae,</span> 
     </span>
    </p>
   </div>
   <div class='ocr_carea' id='block_1_22' title="bbox 286 1253 825 1450">
    <p class='ocr_par' dir='ltr' id='par_1_26' title="bbox 290 1253 711 1296">
     <span class='ocr_line' id='line_1_37' title="bbox 290 1253 711 1296; baseline -0.01 -7"><span class='ocrx_word' id='word_1_100' title='bbox 290 1256 498 1296; x_wconf 88' lang='lat' dir='ltr'>Compeditos</span> <span class='ocrx_word' id='word_1_101' title='bbox 523 1258 560 1287; x_wconf 90' lang='lat' dir='ltr'>tu</span> <span class='ocrx_word' id='word_1_102' title='bbox 584 1253 711 1286; x_wconf 80' lang='lat' dir='ltr'>solvisti</span> 
     </span>
    </p>

    <p class='ocr_par' dir='ltr' id='par_1_27' title="bbox 286 1302 755 1394">
     <span class='ocr_line' id='line_1_38' title="bbox 286 1302 755 1344; baseline -0.004 -8"><span class='ocrx_word' id='word_1_103' title='bbox 286 1304 346 1337; x_wconf 88' lang='lat' dir='ltr'>Pia</span> <span class='ocrx_word' id='word_1_104' title='bbox 370 1312 479 1344; x_wconf 84' lang='lat' dir='ltr'>prece,</span> <span class='ocrx_word' id='word_1_105' title='bbox 505 1302 606 1336; x_wconf 84' lang='lat' dir='ltr'>verbo</span> <span class='ocrx_word' id='word_1_106' title='bbox 630 1302 755 1336; x_wconf 78' lang='lat' dir='ltr'>Christi</span> 
     </span>
     <span class='ocr_line' id='line_1_39' title="bbox 334 1350 689 1394; baseline -0.008 -9"><span class='ocrx_word' id='word_1_107' title='bbox 334 1353 478 1385; x_wconf 88' lang='lat' dir='ltr'>Devotos</span> <span class='ocrx_word' id='word_1_108' title='bbox 504 1350 689 1394; x_wconf 81' lang='lat' dir='ltr'>inebrians3</span> 
     </span>
    </p>

    <p class='ocr_par' dir='ltr' id='par_1_28' title="bbox 288 1408 825 1450">
     <span class='ocr_line' id='line_1_40' title="bbox 288 1408 825 1450; baseline -0.006 -8"><span class='ocrx_word' id='word_1_109' title='bbox 288 1410 424 1443; x_wconf 89' lang='lat' dir='ltr'>Praesul</span> <span class='ocrx_word' id='word_1_110' title='bbox 449 1418 571 1450; x_wconf 85' lang='lat' dir='ltr'>pronus</span> <span class='ocrx_word' id='word_1_111' title='bbox 600 1409 675 1441; x_wconf 89' lang='lat' dir='ltr'>dum</span> <span class='ocrx_word' id='word_1_112' title='bbox 700 1408 825 1449; x_wconf 83' lang='lat' dir='ltr'>orabat,</span> 
     </span>
    </p>
   </div>
   <div class='ocr_carea' id='block_1_23' title="bbox 283 1457 743 1547">
    <p class='ocr_par' dir='ltr' id='par_1_29' title="bbox 283 1457 743 1547">
     <span class='ocr_line' id='line_1_41' title="bbox 283 1457 674 1500; baseline -0.003 -10"><span class='ocrx_word' id='word_1_113' title='bbox 283 1459 443 1500; x_wconf 86' lang='lat' dir='ltr'>Angelica</span> <span class='ocrx_word' id='word_1_114' title='bbox 469 1457 674 1491; x_wconf 76' lang='lat' dir='ltr'>sustentabat</span> 
     </span>
     <span class='ocr_line' id='line_1_42' title="bbox 332 1506 743 1547; baseline -0.01 -7"><span class='ocrx_word' id='word_1_115' title='bbox 332 1507 451 1540; x_wconf 91' lang='lat' dir='ltr'>Manus</span> <span class='ocrx_word' id='word_1_116' title='bbox 479 1507 547 1547; x_wconf 81' lang='lat' dir='ltr'>ejus</span> <span class='ocrx_word' id='word_1_117' title='bbox 574 1506 743 1546; x_wconf 68' lang='lat' dir='ltr'>baculum,</span> 
     </span>
    </p>
   </div>
   <div class='ocr_carea' id='block_1_24' title="bbox 285 1562 802 1702">
    <p class='ocr_par' dir='ltr' id='par_1_30' title="bbox 285 1562 802 1702">
     <span class='ocr_line' id='line_1_43' title="bbox 285 1562 802 1606; baseline -0.004 -9"><span class='ocrx_word' id='word_1_118' title='bbox 285 1565 386 1605; x_wconf 81' lang='lat' dir='ltr'>Quam</span> <span class='ocrx_word' id='word_1_119' title='bbox 413 1565 576 1598; x_wconf 78' lang='lat' dir='ltr'>clamabat</span> <span class='ocrx_word' id='word_1_120' title='bbox 600 1562 688 1597; x_wconf 87' lang='lat' dir='ltr'>fama</span> <span class='ocrx_word' id='word_1_121' title='bbox 713 1564 802 1606; x_wconf 85' lang='lat' dir='ltr'>trita,</span> 
     </span>
     <span class='ocr_line' id='line_1_44' title="bbox 287 1613 677 1655; baseline -0.005 -9"><span class='ocrx_word' id='word_1_122' title='bbox 287 1613 369 1655; x_wconf 82' lang='lat' dir='ltr'>Regi</span> <span class='ocrx_word' id='word_1_123' title='bbox 394 1614 504 1654; x_wconf 81' lang='lat' dir='ltr'>placet</span> <span class='ocrx_word' id='word_1_124' title='bbox 528 1616 585 1646; x_wconf 86' lang='lat' dir='ltr'>tua</span> <span class='ocrx_word' id='word_1_125' title='bbox 610 1613 677 1645; x_wconf 87' lang='lat' dir='ltr'>vita</span> 
     </span>
     <span class='ocr_line' id='line_1_45' title="bbox 333 1661 694 1702; baseline -0.003 -8"><span class='ocrx_word' id='word_1_126' title='bbox 333 1661 463 1695; x_wconf 86' lang='lat' dir='ltr'>Summe</span> <span class='ocrx_word' id='word_1_127' title='bbox 487 1661 694 1702; x_wconf 81' lang='lat' dir='ltr'>venerabilis,</span> 
     </span>
    </p>
   </div>
   <div class='ocr_carea' id='block_1_25' title="bbox 284 1719 793 1858">
    <p class='ocr_par' dir='ltr' id='par_1_31' title="bbox 284 1719 793 1858">
     <span class='ocr_line' id='line_1_46' title="bbox 287 1719 748 1760; baseline -0.002 -8"><span class='ocrx_word' id='word_1_128' title='bbox 287 1719 347 1752; x_wconf 81' lang='lat' dir='ltr'>Vir</span> <span class='ocrx_word' id='word_1_129' title='bbox 370 1720 477 1760; x_wconf 90' lang='lat' dir='ltr'>beate,</span> <span class='ocrx_word' id='word_1_130' title='bbox 506 1719 560 1752; x_wconf 87' lang='lat' dir='ltr'>fac</span> <span class='ocrx_word' id='word_1_131' title='bbox 583 1720 748 1760; x_wconf 85' lang='lat' dir='ltr'>placatum</span> 
     </span>
     <span class='ocr_line' id='line_1_47' title="bbox 284 1767 793 1802; baseline 0 -2"><span class='ocrx_word' id='word_1_132' title='bbox 284 1767 335 1800; x_wconf 89' lang='lat' dir='ltr'>De</span> <span class='ocrx_word' id='word_1_133' title='bbox 358 1768 468 1801; x_wconf 83' lang='lat' dir='ltr'>Maria</span> <span class='ocrx_word' id='word_1_134' title='bbox 492 1768 656 1802; x_wconf 85' lang='lat' dir='ltr'>Christum</span> <span class='ocrx_word' id='word_1_135' title='bbox 681 1770 793 1800; x_wconf 89' lang='lat' dir='ltr'>natum</span> 
     </span>
     <span class='ocr_line' id='line_1_48' title="bbox 332 1816 698 1858; baseline 0 -9"><span class='ocrx_word' id='word_1_136' title='bbox 332 1816 436 1849; x_wconf 86' lang='lat' dir='ltr'>Nobis</span> <span class='ocrx_word' id='word_1_137' title='bbox 462 1816 698 1858; x_wconf 84' lang='lat' dir='ltr'>peccatoribuS,</span> 
     </span>
    </p>
   </div>
   <div class='ocr_carea' id='block_1_26' title="bbox 906 639 966 673">
    <p class='ocr_par' dir='ltr' id='par_1_32' title="bbox 906 639 966 673">
     <span class='ocr_line' id='line_1_49' title="bbox 906 639 966 673; baseline -0.033 0"><span class='ocrx_word' id='word_1_138' title='bbox 906 639 966 673; x_wconf 82' lang='lat' dir='ltr'>lb.</span> 
     </span>
    </p>
   </div>
   <div class='ocr_carea' id='block_1_27' title="bbox 906 793 965 826">
    <p class='ocr_par' dir='ltr' id='par_1_33' title="bbox 906 793 965 826">
     <span class='ocr_line' id='line_1_50' title="bbox 906 793 965 826; baseline -0.017 0"><span class='ocrx_word' id='word_1_139' title='bbox 906 793 965 826; x_wconf 84' lang='lat' dir='ltr'>2b.</span> 
     </span>
    </p>
   </div>
   <div class='ocr_carea' id='block_1_28' title="bbox 905 948 963 981">
    <p class='ocr_par' dir='ltr' id='par_1_34' title="bbox 905 948 963 981">
     <span class='ocr_line' id='line_1_51' title="bbox 905 948 963 981; baseline -0.017 0"><span class='ocrx_word' id='word_1_140' title='bbox 905 948 963 981; x_wconf 86' lang='lat' dir='ltr'>3b.</span> 
     </span>
    </p>
   </div>
   <div class='ocr_carea' id='block_1_29' title="bbox 904 1102 964 1135">
    <p class='ocr_par' dir='ltr' id='par_1_35' title="bbox 904 1102 964 1135">
     <span class='ocr_line' id='line_1_52' title="bbox 904 1102 964 1135; baseline 0 0"><span class='ocrx_word' id='word_1_141' title='bbox 904 1102 964 1135; x_wconf 84' lang='lat' dir='ltr'>4b.</span> 
     </span>
    </p>
   </div>
   <div class='ocr_carea' id='block_1_30' title="bbox 903 1254 962 1288">
    <p class='ocr_par' dir='ltr' id='par_1_36' title="bbox 903 1254 962 1288">
     <span class='ocr_line' id='line_1_53' title="bbox 903 1254 962 1288; baseline -0.034 0"><span class='ocrx_word' id='word_1_142' title='bbox 903 1254 962 1288; x_wconf 83' lang='lat' dir='ltr'>5b.</span> 
     </span>
    </p>
   </div>
   <div class='ocr_carea' id='block_1_31' title="bbox 903 1408 962 1442">
    <p class='ocr_par' dir='ltr' id='par_1_37' title="bbox 903 1408 962 1442">
     <span class='ocr_line' id='line_1_54' title="bbox 903 1408 962 1442; baseline -0.017 0"><span class='ocrx_word' id='word_1_143' title='bbox 903 1408 962 1442; x_wconf 88' lang='lat' dir='ltr'>6b.</span> 
     </span>
    </p>
   </div>
   <div class='ocr_carea' id='block_1_32' title="bbox 902 1563 960 1597">
    <p class='ocr_par' dir='ltr' id='par_1_38' title="bbox 902 1563 960 1597">
     <span class='ocr_line' id='line_1_55' title="bbox 902 1563 960 1597; baseline 0 -1"><span class='ocrx_word' id='word_1_144' title='bbox 902 1563 960 1597; x_wconf 83' lang='lat' dir='ltr'>7b.</span> 
     </span>
    </p>
   </div>
   <div class='ocr_carea' id='block_1_33' title="bbox 902 1718 961 1752">
    <p class='ocr_par' dir='ltr' id='par_1_39' title="bbox 902 1718 961 1752">
     <span class='ocr_line' id='line_1_56' title="bbox 902 1718 961 1752; baseline -0.034 0"><span class='ocrx_word' id='word_1_145' title='bbox 902 1718 961 1752; x_wconf 91' lang='lat' dir='ltr'>8b.</span> 
     </span>
    </p>
   </div>
   <div class='ocr_carea' id='block_1_34' title="bbox 988 639 1466 776">
    <p class='ocr_par' dir='ltr' id='par_1_40' title="bbox 988 639 1466 776">
     <span class='ocr_line' id='line_1_57' title="bbox 989 639 1369 673; baseline 0 -1"><span class='ocrx_word' id='word_1_146' title='bbox 989 640 1105 673; x_wconf 86' lang='lat' dir='ltr'>Omnes</span> <span class='ocrx_word' id='word_1_147' title='bbox 1133 639 1186 672; x_wconf 86' lang='lat' dir='ltr'>die</span> <span class='ocrx_word' id='word_1_148' title='bbox 1211 640 1369 672; x_wconf 87' lang='lat' dir='ltr'>hodierna</span> 
     </span>
     <span class='ocr_line' id='line_1_58' title="bbox 988 688 1466 729; baseline -0.004 -9"><span class='ocrx_word' id='word_1_149' title='bbox 988 688 1056 720; x_wconf 89' lang='lat' dir='ltr'>Nos</span> <span class='ocrx_word' id='word_1_150' title='bbox 1083 688 1211 727; x_wconf 78' lang='lat' dir='ltr'>exaudi,</span> <span class='ocrx_word' id='word_1_151' title='bbox 1237 697 1296 720; x_wconf 86' lang='lat' dir='ltr'>nos</span> <span class='ocrx_word' id='word_1_152' title='bbox 1322 688 1466 729; x_wconf 85' lang='lat' dir='ltr'>guberna</span> 
     </span>
     <span class='ocr_line' id='line_1_59' title="bbox 1037 735 1426 776; baseline -0.005 -7"><span class='ocrx_word' id='word_1_153' title='bbox 1037 736 1169 776; x_wconf 84' lang='lat' dir='ltr'>Nosque</span> <span class='ocrx_word' id='word_1_154' title='bbox 1194 735 1295 768; x_wconf 81' lang='lat' dir='ltr'>fortes</span> <span class='ocrx_word' id='word_1_155' title='bbox 1323 735 1426 768; x_wconf 78' lang='lat' dir='ltr'>effice.</span> 
     </span>
    </p>
   </div>
   <div class='ocr_carea' id='block_1_35' title="bbox 988 793 1498 931">
    <p class='ocr_par' dir='ltr' id='par_1_41' title="bbox 988 793 1498 931">
     <span class='ocr_line' id='line_1_60' title="bbox 988 793 1498 834; baseline -0.004 -8"><span class='ocrx_word' id='word_1_156' title='bbox 988 795 1052 827; x_wconf 90' lang='lat' dir='ltr'>Per</span> <span class='ocrx_word' id='word_1_157' title='bbox 1076 798 1119 832; x_wconf 89' lang='lat' dir='ltr'>te,</span> <span class='ocrx_word' id='word_1_158' title='bbox 1146 793 1208 826; x_wconf 87' lang='lat' dir='ltr'>Dei</span> <span class='ocrx_word' id='word_1_159' title='bbox 1235 797 1345 826; x_wconf 85' lang='lat' dir='ltr'>sancte</span> <span class='ocrx_word' id='word_1_160' title='bbox 1369 801 1498 834; x_wconf 78' lang='lat' dir='ltr'>praeco,</span> 
     </span>
     <span class='ocr_line' id='line_1_61' title="bbox 988 842 1457 875; baseline -0.006 0"><span class='ocrx_word' id='word_1_161' title='bbox 988 842 1204 875; x_wconf 84' lang='lat' dir='ltr'>Restauratur</span> <span class='ocrx_word' id='word_1_162' title='bbox 1228 843 1336 874; x_wconf 85' lang='lat' dir='ltr'>lumen</span> <span class='ocrx_word' id='word_1_163' title='bbox 1362 849 1457 875; x_wconf 86' lang='lat' dir='ltr'>caeco</span> 
     </span>
     <span class='ocr_line' id='line_1_62' title="bbox 1037 890 1355 931; baseline 0 -8"><span class='ocrx_word' id='word_1_164' title='bbox 1037 890 1140 923; x_wconf 88' lang='lat' dir='ltr'>Manu</span> <span class='ocrx_word' id='word_1_165' title='bbox 1162 890 1355 931; x_wconf 84' lang='lat' dir='ltr'>sapientiae.</span> 
     </span>
    </p>
   </div>
   <div class='ocr_carea' id='block_1_36' title="bbox 986 947 1426 1085">
    <p class='ocr_par' dir='ltr' id='par_1_42' title="bbox 986 947 1426 1085">
     <span class='ocr_line' id='line_1_63' title="bbox 993 947 1396 988; baseline -0.002 -7"><span class='ocrx_word' id='word_1_166' title='bbox 993 947 1081 981; x_wconf 85' lang='lat' dir='ltr'>Coeli</span> <span class='ocrx_word' id='word_1_167' title='bbox 1107 950 1219 988; x_wconf 89' lang='lat' dir='ltr'>portas</span> <span class='ocrx_word' id='word_1_168' title='bbox 1244 948 1396 985; x_wconf 84' lang='lat' dir='ltr'>introisti,</span> 
     </span>
     <span class='ocr_line' id='line_1_64' title="bbox 986 995 1426 1036; baseline -0.005 -8"><span class='ocrx_word' id='word_1_169' title='bbox 986 996 1068 1036; x_wconf 83' lang='lat' dir='ltr'>Quia</span> <span class='ocrx_word' id='word_1_170' title='bbox 1094 995 1223 1029; x_wconf 85' lang='lat' dir='ltr'>Christo</span> <span class='ocrx_word' id='word_1_171' title='bbox 1249 995 1426 1029; x_wconf 83' lang='lat' dir='ltr'>reddidisti</span> 
     </span>
     <span class='ocr_line' id='line_1_65' title="bbox 1040 1044 1410 1085; baseline 0 -9"><span class='ocrx_word' id='word_1_172' title='bbox 1040 1044 1185 1077; x_wconf 82' lang='lat' dir='ltr'>Granum</span> <span class='ocrx_word' id='word_1_173' title='bbox 1210 1045 1280 1076; x_wconf 87' lang='lat' dir='ltr'>sine</span> <span class='ocrx_word' id='word_1_174' title='bbox 1305 1045 1410 1085; x_wconf 88' lang='lat' dir='ltr'>palea.</span> 
     </span>
    </p>
   </div>
   <div class='ocr_carea' id='block_1_37' title="bbox 988 1102 1470 1239">
    <p class='ocr_par' dir='ltr' id='par_1_43' title="bbox 988 1102 1470 1239">
     <span class='ocr_line' id='line_1_66' title="bbox 989 1102 1349 1142; baseline 0 -8"><span class='ocrx_word' id='word_1_175' title='bbox 989 1103 1020 1134; x_wconf 93' lang='lat' dir='ltr'>A</span> <span class='ocrx_word' id='word_1_176' title='bbox 1045 1104 1189 1142; x_wconf 87' lang='lat' dir='ltr'>peccatis</span> <span class='ocrx_word' id='word_1_177' title='bbox 1214 1102 1349 1142; x_wconf 88' lang='lat' dir='ltr'>alienus,</span> 
     </span>
     <span class='ocr_line' id='line_1_67' title="bbox 988 1150 1470 1190; baseline -0.004 -8"><span class='ocrx_word' id='word_1_178' title='bbox 988 1150 1072 1182; x_wconf 87' lang='lat' dir='ltr'>Dum</span> <span class='ocrx_word' id='word_1_179' title='bbox 1098 1150 1209 1183; x_wconf 83' lang='lat' dir='ltr'>vixisti</span> <span class='ocrx_word' id='word_1_180' title='bbox 1235 1153 1330 1190; x_wconf 89' lang='lat' dir='ltr'>pater</span> <span class='ocrx_word' id='word_1_181' title='bbox 1354 1150 1470 1190; x_wconf 83' lang='lat' dir='ltr'>plenus</span> 
     </span>
     <span class='ocr_line' id='line_1_68' title="bbox 1036 1198 1405 1239; baseline 0 -9"><span class='ocrx_word' id='word_1_182' title='bbox 1036 1198 1188 1230; x_wconf 85' lang='lat' dir='ltr'>Dulcoris</span> <span class='ocrx_word' id='word_1_183' title='bbox 1214 1201 1246 1229; x_wconf 92' lang='lat' dir='ltr'>et</span> <span class='ocrx_word' id='word_1_184' title='bbox 1271 1199 1405 1239; x_wconf 85' lang='lat' dir='ltr'>gratiae.</span> 
     </span>
    </p>
   </div>
   <div class='ocr_carea' id='block_1_38' title="bbox 987 1254 1428 1386">
    <p class='ocr_par' dir='ltr' id='par_1_44' title="bbox 987 1254 1428 1386">
     <span class='ocr_line' id='line_1_69' title="bbox 987 1254 1422 1295; baseline -0.002 -8"><span class='ocrx_word' id='word_1_185' title='bbox 987 1254 1071 1294; x_wconf 77' lang='lat' dir='ltr'>Quos</span> <span class='ocrx_word' id='word_1_186' title='bbox 1095 1254 1234 1288; x_wconf 86' lang='lat' dir='ltr'>rebelles</span> <span class='ocrx_word' id='word_1_187' title='bbox 1260 1255 1422 1295; x_wconf 78' lang='lat' dir='ltr'>reperisti,</span> 
     </span>
     <span class='ocr_line' id='line_1_70' title="bbox 987 1302 1428 1344; baseline -0.005 -8"><span class='ocrx_word' id='word_1_188' title='bbox 987 1303 1043 1336; x_wconf 87' lang='lat' dir='ltr'>Sic</span> <span class='ocrx_word' id='word_1_189' title='bbox 1066 1305 1216 1344; x_wconf 74' lang='lat' dir='ltr'>potentes</span> <span class='ocrx_word' id='word_1_190' title='bbox 1242 1302 1428 1343; x_wconf 72' lang='lat' dir='ltr'>confudisti,</span> 
     </span>
     <span class='ocr_line' id='line_1_71' title="bbox 1035 1351 1367 1386; baseline 0.003 -2"><span class='ocrx_word' id='word_1_191' title='bbox 1035 1352 1121 1384; x_wconf 89' lang='lat' dir='ltr'>Reos</span> <span class='ocrx_word' id='word_1_192' title='bbox 1142 1351 1367 1386; x_wconf 65' lang='lat' dir='ltr'>reconcilians</span> 
     </span>
    </p>
   </div>
   <div class='ocr_carea' id='block_1_39' title="bbox 984 1408 1541 1696">
    <p class='ocr_par' dir='ltr' id='par_1_45' title="bbox 984 1408 1541 1696">
     <span class='ocr_line' id='line_1_72' title="bbox 985 1408 1541 1443; baseline -0.005 -1"><span class='ocrx_word' id='word_1_193' title='bbox 985 1410 1083 1443; x_wconf 84' lang='lat' dir='ltr'>Plebs</span> <span class='ocrx_word' id='word_1_194' title='bbox 1110 1409 1254 1441; x_wconf 79' lang='lat' dir='ltr'>cucurrit</span> <span class='ocrx_word' id='word_1_195' title='bbox 1278 1410 1322 1442; x_wconf 89' lang='lat' dir='ltr'>ad</span> <span class='ocrx_word' id='word_1_196' title='bbox 1347 1410 1409 1442; x_wconf 86' lang='lat' dir='ltr'>hoc</span> <span class='ocrx_word' id='word_1_197' title='bbox 1425 1408 1541 1441; x_wconf 87' lang='lat' dir='ltr'>mirum</span> 
     </span>
     <span class='ocr_line' id='line_1_73' title="bbox 984 1457 1458 1490; baseline -0.002 0"><span class='ocrx_word' id='word_1_198' title='bbox 984 1457 1030 1490; x_wconf 81' lang='lat' dir='ltr'>Et</span> <span class='ocrx_word' id='word_1_199' title='bbox 1055 1457 1241 1490; x_wconf 87' lang='lat' dir='ltr'>collaudant</span> <span class='ocrx_word' id='word_1_200' title='bbox 1266 1457 1330 1490; x_wconf 90' lang='lat' dir='ltr'>Dei</span> <span class='ocrx_word' id='word_1_201' title='bbox 1353 1458 1458 1490; x_wconf 90' lang='lat' dir='ltr'>virum</span> 
     </span>
     <span class='ocr_line' id='line_1_74' title="bbox 1034 1505 1430 1539; baseline -0.005 0"><span class='ocrx_word' id='word_1_202' title='bbox 1034 1505 1203 1539; x_wconf 85' lang='lat' dir='ltr'>Cernendo</span> <span class='ocrx_word' id='word_1_203' title='bbox 1229 1507 1430 1539; x_wconf 85' lang='lat' dir='ltr'>miraculum.</span> 
     </span>
     <span class='ocr_line' id='line_1_75' title="bbox 986 1563 1446 1605; baseline -0.002 -8"><span class='ocrx_word' id='word_1_204' title='bbox 986 1563 1173 1597; x_wconf 81' lang='lat' dir='ltr'>Gratiarum</span> <span class='ocrx_word' id='word_1_205' title='bbox 1197 1566 1334 1605; x_wconf 81' lang='lat' dir='ltr'>propter</span> <span class='ocrx_word' id='word_1_206' title='bbox 1361 1565 1446 1598; x_wconf 88' lang='lat' dir='ltr'>dona</span> 
     </span>
     <span class='ocr_line' id='line_1_76' title="bbox 986 1612 1381 1653; baseline 0.003 -8"><span class='ocrx_word' id='word_1_207' title='bbox 986 1612 1068 1653; x_wconf 86' lang='lat' dir='ltr'>Ejus</span> <span class='ocrx_word' id='word_1_208' title='bbox 1094 1612 1179 1646; x_wconf 79' lang='lat' dir='ltr'>viret</span> <span class='ocrx_word' id='word_1_209' title='bbox 1200 1612 1235 1644; x_wconf 91' lang='lat' dir='ltr'>in</span> <span class='ocrx_word' id='word_1_210' title='bbox 1262 1621 1381 1646; x_wconf 86' lang='lat' dir='ltr'>corona</span> 
     </span>
     <span class='ocr_line' id='line_1_77' title="bbox 1034 1661 1426 1696; baseline 0.005 -2"><span class='ocrx_word' id='word_1_211' title='bbox 1034 1661 1113 1694; x_wconf 85' lang='lat' dir='ltr'>Flos</span> <span class='ocrx_word' id='word_1_212' title='bbox 1137 1661 1426 1696; x_wconf 80' lang='lat' dir='ltr'>immarcessibilis,</span> 
     </span>
    </p>
   </div>
   <div class='ocr_carea' id='block_1_40' title="bbox 984 1719 1494 1851">
    <p class='ocr_par' dir='ltr' id='par_1_46' title="bbox 984 1719 1494 1851">
     <span class='ocr_line' id='line_1_78' title="bbox 984 1719 1466 1753; baseline 0 -2"><span class='ocrx_word' id='word_1_213' title='bbox 984 1719 1032 1752; x_wconf 84' lang='lat' dir='ltr'>Ut</span> <span class='ocrx_word' id='word_1_214' title='bbox 1055 1720 1087 1752; x_wconf 93' lang='lat' dir='ltr'>in</span> <span class='ocrx_word' id='word_1_215' title='bbox 1113 1720 1211 1752; x_wconf 88' lang='lat' dir='ltr'>terris</span> <span class='ocrx_word' id='word_1_216' title='bbox 1237 1723 1270 1752; x_wconf 88' lang='lat' dir='ltr'>te</span> <span class='ocrx_word' id='word_1_217' title='bbox 1294 1721 1466 1753; x_wconf 88' lang='lat' dir='ltr'>laudantes</span> 
     </span>
     <span class='ocr_line' id='line_1_79' title="bbox 986 1768 1494 1810; baseline 0 -10"><span class='ocrx_word' id='word_1_218' title='bbox 986 1768 1108 1800; x_wconf 87' lang='lat' dir='ltr'>Tecum</span> <span class='ocrx_word' id='word_1_219' title='bbox 1133 1771 1270 1810; x_wconf 84' lang='lat' dir='ltr'>regnent</span> <span class='ocrx_word' id='word_1_220' title='bbox 1294 1770 1494 1803; x_wconf 85' lang='lat' dir='ltr'>exsultantes</span> 
     </span>
     <span class='ocr_line' id='line_1_80' title="bbox 1036 1816 1480 1851; baseline 0 -2"><span class='ocrx_word' id='word_1_221' title='bbox 1036 1816 1116 1850; x_wconf 90' lang='lat' dir='ltr'>Cum</span> <span class='ocrx_word' id='word_1_222' title='bbox 1142 1817 1249 1850; x_wconf 86' lang='lat' dir='ltr'>choris</span> <span class='ocrx_word' id='word_1_223' title='bbox 1276 1817 1480 1851; x_wconf 87' lang='lat' dir='ltr'>coelestibus.</span> 
     </span>
    </p>
   </div>
   <div class='ocr_carea' id='block_1_41' title="bbox 198 1890 1544 1970">
    <p class='ocr_par' dir='ltr' id='par_1_47' title="bbox 198 1890 1544 1970">
     <span class='ocr_line' id='line_1_81' title="bbox 275 1890 1544 1923; baseline -0.002 0"><span class='ocrx_word' id='word_1_224' title='bbox 275 1894 362 1923; x_wconf 86' lang='lat' dir='ltr'>Miss.</span> <span class='ocrx_word' id='word_1_225' title='bbox 389 1902 443 1921; x_wconf 81' lang='lat' dir='ltr'>mS.</span> <span class='ocrx_word' id='word_1_226' title='bbox 470 1894 685 1922; x_wconf 83' lang='lat' dir='ltr'>Cameracense</span> <span class='ocrx_word' id='word_1_227' title='bbox 712 1901 790 1921; x_wconf 84' lang='lat' dir='ltr'>saec.</span> <span class='ocrx_word' id='word_1_228' title='bbox 819 1890 864 1921; x_wconf 87' lang='lat'>15.</span> <span class='ocrx_word' id='word_1_229' title='bbox 893 1891 965 1921; x_wconf 81' lang='lat' dir='ltr'>Ood.</span> <span class='ocrx_word' id='word_1_230' title='bbox 993 1893 1216 1922; x_wconf 83' lang='lat' dir='ltr'>Cameracense.</span> <span class='ocrx_word' id='word_1_231' title='bbox 1246 1891 1311 1922; x_wconf 81' lang='lat'>180.</span> <span class='ocrx_word' id='word_1_232' title='bbox 1331 1895 1366 1923; x_wconf 90' lang='lat' dir='ltr'>A.</span> <span class='ocrx_word' id='word_1_233' title='bbox 1393 1909 1432 1914; x_wconf 91' lang='lat'>—</span> <span class='ocrx_word' id='word_1_234' title='bbox 1457 1894 1544 1922; x_wconf 76' lang='lat' dir='ltr'>Miss.</span> 
     </span>
     <span class='ocr_line' id='line_1_82' title="bbox 198 1930 1206 1970; baseline -0.001 -8"><span class='ocrx_word' id='word_1_235' title='bbox 198 1935 422 1962; x_wconf 70' lang='lat' dir='ltr'>cameracense.</span> <span class='ocrx_word' id='word_1_236' title='bbox 443 1934 515 1970; x_wconf 86' lang='lat' dir='ltr'>imp.</span> <span class='ocrx_word' id='word_1_237' title='bbox 535 1933 673 1961; x_wconf 88' lang='lat' dir='ltr'>Parisiis.</span> <span class='ocrx_word' id='word_1_238' title='bbox 696 1930 781 1960; x_wconf 81' lang='lat'>1542.</span> <span class='ocrx_word' id='word_1_239' title='bbox 801 1933 836 1961; x_wconf 87' lang='lat' dir='ltr'>B.</span> <span class='ocrx_word' id='word_1_240' title='bbox 857 1946 896 1950; x_wconf 91' lang='lat'>-—-</span> <span class='ocrx_word' id='word_1_241' title='bbox 915 1930 966 1967; x_wconf 86' lang='lat' dir='ltr'>4a,</span> <span class='ocrx_word' id='word_1_242' title='bbox 989 1930 1007 1960; x_wconf 82' lang='lat'><strong>2</strong></span> <span class='ocrx_word' id='word_1_243' title='bbox 1027 1936 1058 1961; x_wconf 79' lang='lat' dir='ltr'>te</span> <span class='ocrx_word' id='word_1_244' title='bbox 1077 1933 1153 1961; x_wconf 80' lang='lat' dir='ltr'>fehlt</span> <span class='ocrx_word' id='word_1_245' title='bbox 1171 1933 1206 1961; x_wconf 91' lang='lat' dir='ltr'>B.</span> 
     </span>
    </p>
   </div>
   <div class='ocr_carea' id='block_1_42' title="bbox 553 2074 1186 2118">
    <p class='ocr_par' dir='ltr' id='par_1_48' title="bbox 553 2074 1186 2118">
     <span class='ocr_line' id='line_1_83' title="bbox 553 2074 1186 2118; baseline -0.005 -10"><span class='ocrx_word' id='word_1_246' title='bbox 553 2075 617 2108; x_wconf 80' lang='lat'>241.</span> <span class='ocrx_word' id='word_1_247' title='bbox 657 2075 694 2107; x_wconf 89' lang='lat' dir='ltr'>In</span> <span class='ocrx_word' id='word_1_248' title='bbox 714 2074 938 2108; x_wconf 82' lang='lat' dir='ltr'>Translatione</span> <span class='ocrx_word' id='word_1_249' title='bbox 959 2083 983 2107; x_wconf 95' lang='lat' dir='ltr'>s.</span> <span class='ocrx_word' id='word_1_250' title='bbox 1006 2074 1186 2118; x_wconf 78' lang='lat' dir='ltr'>Gangetici.</span> 
     </span>
    </p>
   </div>
   <div class='ocr_carea' id='block_1_43' title="bbox 284 2155 775 2295">
    <p class='ocr_par' dir='ltr' id='par_1_49' title="bbox 284 2155 775 2295">
     <span class='ocr_line' id='line_1_84' title="bbox 285 2155 694 2198; baseline -0.007 -7"><span class='ocrx_word' id='word_1_251' title='bbox 285 2157 411 2198; x_wconf 83' lang='lat' dir='ltr'>Gaude,</span> <span class='ocrx_word' id='word_1_252' title='bbox 438 2156 527 2198; x_wconf 85' lang='lat' dir='ltr'>Sion,</span> <span class='ocrx_word' id='word_1_253' title='bbox 557 2156 592 2189; x_wconf 87' lang='lat' dir='ltr'>in</span> <span class='ocrx_word' id='word_1_254' title='bbox 617 2155 694 2197; x_wconf 87' lang='lat' dir='ltr'>filio,</span> 
     </span>
     <span class='ocr_line' id='line_1_85' title="bbox 284 2205 701 2247; baseline -0.01 -7"><span class='ocrx_word' id='word_1_255' title='bbox 284 2206 384 2247; x_wconf 84' lang='lat' dir='ltr'>Cujus</span> <span class='ocrx_word' id='word_1_256' title='bbox 410 2215 505 2240; x_wconf 83' lang='lat' dir='ltr'>sacra</span> <span class='ocrx_word' id='word_1_257' title='bbox 529 2205 701 2238; x_wconf 88' lang='lat' dir='ltr'>translatio</span> 
     </span>
     <span class='ocr_line' id='line_1_86' title="bbox 330 2253 775 2295; baseline -0.007 -7"><span class='ocrx_word' id='word_1_258' title='bbox 330 2255 379 2288; x_wconf 85' lang='lat' dir='ltr'>Te</span> <span class='ocrx_word' id='word_1_259' title='bbox 403 2257 514 2288; x_wconf 81' lang='lat' dir='ltr'>movet</span> <span class='ocrx_word' id='word_1_260' title='bbox 538 2253 582 2287; x_wconf 86' lang='lat' dir='ltr'>ad</span> <span class='ocrx_word' id='word_1_261' title='bbox 605 2253 775 2295; x_wconf 84' lang='lat' dir='ltr'>laetitiam,</span> 
     </span>
    </p>
   </div>
   <div class='ocr_carea' id='block_1_44' title="bbox 279 2312 814 2451">
    <p class='ocr_par' dir='ltr' id='par_1_50' title="bbox 279 2312 814 2451">
     <span class='ocr_line' id='line_1_87' title="bbox 281 2312 684 2353; baseline -0.012 -4"><span class='ocrx_word' id='word_1_262' title='bbox 281 2314 382 2349; x_wconf 81' lang='lat' dir='ltr'>Absit</span> <span class='ocrx_word' id='word_1_263' title='bbox 414 2323 485 2347; x_wconf 87' lang='lat' dir='ltr'>esse</span> <span class='ocrx_word' id='word_1_264' title='bbox 512 2312 684 2353; x_wconf 88' lang='lat' dir='ltr'>collegium</span> 
     </span>
     <span class='ocr_line' id='line_1_88' title="bbox 279 2361 814 2406; baseline -0.006 -10"><span class='ocrx_word' id='word_1_265' title='bbox 279 2364 400 2406; x_wconf 86' lang='lat' dir='ltr'>Triste,</span> <span class='ocrx_word' id='word_1_266' title='bbox 428 2363 515 2405; x_wconf 87' lang='lat' dir='ltr'>quod</span> <span class='ocrx_word' id='word_1_267' title='bbox 541 2364 592 2395; x_wconf 80' lang='lat' dir='ltr'>tot</span> <span class='ocrx_word' id='word_1_268' title='bbox 615 2361 814 2402; x_wconf 85' lang='lat' dir='ltr'>magnalium</span> 
     </span>
     <span class='ocr_line' id='line_1_89' title="bbox 332 2410 744 2451; baseline -0.01 -5"><span class='ocrx_word' id='word_1_269' title='bbox 332 2412 447 2446; x_wconf 87' lang='lat' dir='ltr'>Virtus</span> <span class='ocrx_word' id='word_1_270' title='bbox 472 2412 571 2446; x_wconf 76' lang='lat' dir='ltr'>velox</span> <span class='ocrx_word' id='word_1_271' title='bbox 592 2410 744 2451; x_wconf 84' lang='lat' dir='ltr'>irradiat,</span> 
     </span>
    </p>
   </div>
   <div class='ocr_carea' id='block_1_45' title="bbox 904 2154 1482 2197">
    <p class='ocr_par' dir='ltr' id='par_1_51' title="bbox 904 2154 1482 2197">
     <span class='ocr_line' id='line_1_90' title="bbox 904 2154 1482 2197; baseline -0.003 -8"><span class='ocrx_word' id='word_1_272' title='bbox 904 2156 962 2189; x_wconf 86' lang='lat' dir='ltr'>1b.</span> <span class='ocrx_word' id='word_1_273' title='bbox 985 2157 1112 2190; x_wconf 84' lang='lat' dir='ltr'>Plaude</span> <span class='ocrx_word' id='word_1_274' title='bbox 1136 2165 1235 2188; x_wconf 88' lang='lat' dir='ltr'>manu</span> <span class='ocrx_word' id='word_1_275' title='bbox 1259 2164 1340 2196; x_wconf 85' lang='lat' dir='ltr'>prae</span> <span class='ocrx_word' id='word_1_276' title='bbox 1365 2154 1482 2197; x_wconf 85' lang='lat' dir='ltr'>gaudio</span> 
     </span>
    </p>
   </div>
   <div class='ocr_carea' id='block_1_46' title="bbox 987 2203 1432 2295">
    <p class='ocr_par' dir='ltr' id='par_1_52' title="bbox 987 2203 1432 2295">
     <span class='ocr_line' id='line_1_91' title="bbox 987 2203 1398 2245; baseline -0.002 -8"><span class='ocrx_word' id='word_1_277' title='bbox 987 2204 1104 2238; x_wconf 87' lang='lat' dir='ltr'>Golens</span> <span class='ocrx_word' id='word_1_278' title='bbox 1130 2205 1218 2237; x_wconf 91' lang='lat' dir='ltr'>vocis</span> <span class='ocrx_word' id='word_1_279' title='bbox 1244 2203 1398 2245; x_wconf 89' lang='lat' dir='ltr'>obsequio</span> 
     </span>
     <span class='ocr_line' id='line_1_92' title="bbox 1037 2253 1432 2295; baseline -0.008 -8"><span class='ocrx_word' id='word_1_280' title='bbox 1037 2253 1210 2295; x_wconf 82' lang='lat' dir='ltr'>Gaugerici</span> <span class='ocrx_word' id='word_1_281' title='bbox 1235 2253 1432 2288; x_wconf 84' lang='lat' dir='ltr'>memoriam.</span> 
     </span>
    </p>
   </div>
   <div class='ocr_carea' id='block_1_47' title="bbox 902 2310 1477 2352">
    <p class='ocr_par' dir='ltr' id='par_1_53' title="bbox 902 2310 1477 2352">
     <span class='ocr_line' id='line_1_93' title="bbox 902 2310 1477 2352; baseline -0.002 -7"><span class='ocrx_word' id='word_1_282' title='bbox 902 2311 961 2345; x_wconf 71' lang='lat' dir='ltr'>ab.</span> <span class='ocrx_word' id='word_1_283' title='bbox 986 2311 1108 2345; x_wconf 88' lang='lat' dir='ltr'>Caecus</span> <span class='ocrx_word' id='word_1_284' title='bbox 1135 2311 1234 2352; x_wconf 89' lang='lat' dir='ltr'>videt,</span> <span class='ocrx_word' id='word_1_285' title='bbox 1262 2311 1311 2344; x_wconf 91' lang='lat' dir='ltr'>vis</span> <span class='ocrx_word' id='word_1_286' title='bbox 1337 2310 1477 2345; x_wconf 85' lang='lat' dir='ltr'>febrium</span> 
     </span>
    </p>
   </div>
   <div class='ocr_carea' id='block_1_48' title="bbox 986 2358 1459 2451">
    <p class='ocr_par' dir='ltr' id='par_1_54' title="bbox 986 2358 1459 2451">
     <span class='ocr_line' id='line_1_94' title="bbox 986 2358 1459 2402; baseline 0 -7"><span class='ocrx_word' id='word_1_287' title='bbox 986 2361 1111 2402; x_wconf 80' lang='lat' dir='ltr'>Cessat,</span> <span class='ocrx_word' id='word_1_288' title='bbox 1138 2358 1221 2401; x_wconf 82' lang='lat' dir='ltr'>fugit</span> <span class='ocrx_word' id='word_1_289' title='bbox 1247 2360 1459 2402; x_wconf 84' lang='lat' dir='ltr'>daemonium,</span> 
     </span>
     <span class='ocr_line' id='line_1_95' title="bbox 1034 2409 1453 2451; baseline 0.005 -8"><span class='ocrx_word' id='word_1_290' title='bbox 1034 2410 1146 2451; x_wconf 66' lang='lat' dir='ltr'>Lepta</span> <span class='ocrx_word' id='word_1_291' title='bbox 1171 2409 1313 2442; x_wconf 84' lang='lat' dir='ltr'>colorem</span> <span class='ocrx_word' id='word_1_292' title='bbox 1337 2410 1453 2445; x_wconf 77' lang='lat' dir='ltr'>variat.</span> 
     </span>
    </p>
   </div>
  </div>
 </body>
</html>
