1652 2678
129 205 186 238 Sa.

108 700 189 734 10a.

115 1438 171 1471 la.

113 1591 170 1625 22.

114 1746 172 1779 Sa.

113 1949 171 1981 4a.

115 2151 171 2183 ba.

115 2304 172 2335 6a.

641 99 806 136 ‘282
857 120 902 126 „-

212 204 292 236 Post
316 202 452 236 Guarini

209 259 270 283 neo
294 260 357 283 non
382 249 544 283 Ruthardi

214 299 287 331 dolo
314 299 384 331 diro

214 347 301 387 apud
322 346 448 387 judices

211 402 369 428 venereae
393 394 441 426 rei

214 441 296 475 falso
323 443 373 473 est
396 444 575 473 aecusatus.

179 524 187 532 .
213 500 301 538 Ergo
326 496 511 538 posthabito
537 496 606 529 solo

214 549 301 581 noto,
327 554 369 577 ne
395 545 548 584 deturpet
572 544 681 584 vitam,

215 597 303 626 sorte
329 601 434 625 eremo
462 591 598 624 donatus
628 595 677 625 est

214 651 234 674 a
260 639 429 674 Gosberto.

216 699 343 732 Ferunt
366 696 485 730 fratres

211 751 317 787 ipsum
343 745 464 779 undeni

211 794 307 835 pede,
331 794 434 826 solum
457 796 588 835 putrem
612 793 718 826 Rheni

213 842 376 877 alluvione
400 841 521 875 factum
548 842 668 874 dolent.

822 197 883 231 8b.
905 196 984 229 Fert
1010 197 1166 228 scelestus

906 245 1092 277 testimonia

906 295 974 325 tum
999 293 1206 334 Lampertus,

906 341 965 373 sed
989 339 1150 373 febricula

906 389 994 421 ultor
1017 389 1196 429 prostravit

907 437 1013 469 instar
1037 436 1364 477 quadrupedantium.

907 494 982 526 Illic
1006 492 1093 526 fame
1116 497 1309 533 maceratus,

909 542 977 575 vita
1002 540 1131 574 functus
1155 542 1253 574 humo
1277 550 1394 581 eorpus

906 590 1069 622 illibatum
1090 590 1192 622 multa
1213 590 1301 630 jacet

905 647 967 679 per
990 643 1147 679 tempora.

801 696 885 730 10b.
913 695 998 729 Navi
1024 694 1128 728 fertur

910 744 1020 777 Rheni
1043 742 1207 784 fluetibus,

911 795 1003 825 nutat
1029 795 1222 831 tempestate
1247 791 1371 834 elassis,

910 843 1006 873 orant
1021 843 1179 883 sanetum,
1197 840 1274 872 silet
1288 841 1441 880 impetus.

825 494 884 528 9b.

513 899 569 932 11.
597 898 622 931 O
651 897 815 939 Othmare,

600 945 730 979 Christo
758 954 843 987 care,

597 994 689 1026 nobis
715 996 752 1025 tu
775 993 957 1034 patrocinio

598 1040 651 1074 fae
675 1042 804 1074 sodales
829 1045 901 1074 tuos

596 1090 630 1122 in
656 1090 746 1130 regia
771 1092 924 1123 aeternae
947 1090 1045 1122 vitae.

188 1171 275 1200 Grad.
297 1180 350 1199 ms.
375 1171 550 1199 Andeeense
570 1179 647 1198 saec.
670 1168 716 1199 15.
740 1170 813 1198 Clm.
832 1170 990 1198 Monaeen.
1010 1167 1097 1198 4101.
1123 1184 1159 1188 —
1179 1168 1239 1204 412,
1259 1167 1279 1196 2
1298 1171 1435 1206 pertente

108 1212 163 1239 Hs.
184 1225 223 1229 —
240 1209 293 1241 Qb,
316 1209 333 1238 5
354 1209 436 1237 ultra
456 1209 511 1238 Hs.
532 1224 571 1228 —-
594 1207 664 1245 loa,
685 1206 704 1237 3
725 1209 839 1245 pedem.

529 1350 596 1382 374.
638 1351 682 1382 De
703 1349 812 1382 saneto
833 1350 1037 1382 Pantaleone.

198 1436 293 1469 Diem
319 1444 432 1469 sacrae
455 1435 615 1477 passionis

196 1485 291 1518 Beati
315 1484 545 1517 Panthaleonis

248 1532 399 1566 Celebret
422 1532 504 1565 haee
529 1532 651 1573 concio,

197 1590 262 1623 Hie
287 1591 320 1622 in
346 1590 567 1622 adolescentia

197 1638 249 1671 De
273 1638 430 1680 physicae
455 1638 591 1670 scientia

247 1686 391 1720 Docetur
417 1687 450 1718 in
476 1686 594 1728 studio,

200 1744 342 1785 Pergens
368 1744 410 1776 ad
435 1747 563 1784 patrem
587 1753 729 1785 propere

245 1792 347 1824 Videt
371 1795 509 1825 stratum
532 1801 670 1833 puerum

196 1839 396 1874 Defunctum
418 1841 491 1873 viru
515 1841 658 1882 viperae,

247 1889 337 1923 Petit
360 1892 487 1931 patrem
510 1898 683 1930 superum:

200 1947 291 1986 Quod
317 1947 401 1987 petit
424 1947 587 1987 annuitur,

198 1995 284 2028 Nam
310 1995 464 2028 defuneto
489 1995 640 2028 redditur

200 2043 288 2083 Vita,
315 2052 449 2085 serpens
475 2045 647 2085 rumpitur,

245 2093 332 2125 Puer
358 2092 552 2132 baptizatur.

199 2148 320 2182 Caecus
345 2150 453 2182 lumen
478 2152 661 2193 recuperat,

198 2198 265 2238 Quo
291 2201 396 2238 pater,
423 2198 479 2238 qui
504 2198 649 2230 coluerat

247 2245 322 2278 Non
347 2246 451 2278 Deum
480 2246 538 2278 sed
563 2245 663 2287 idola,

197 2303 392 2336 Paraliticus
416 2306 561 2345 sanatur,

200 2350 279 2383 Cum
302 2360 362 2391 pro
389 2360 426 2383 eo
454 2352 650 2392 deprecatur

249 2399 387 2432 Sanetus
412 2408 521 2441 regem
546 2400 679 2442 gloriae,

811 1435 869 1470 lb.
894 1435 970 1468 Cum
997 1434 1106 1468 fructu
1135 1436 1314 1468 devotionis

893 1483 937 1516 Et
963 1493 1032 1517 cum
1060 1484 1213 1525 operibus
1237 1484 1333 1517 bonis

943 1532 1021 1565 Fiat
1046 1532 1233 1566 celebratio,

810 1590 870 1624 ab.
891 1589 1088 1622 Hermolaus
1114 1590 1154 1622 ab
1181 1590 1283 1630 impia

894 1638 995 1678 Quem
1019 1638 1122 1670 trahit
1145 1638 1302 1671 idolatria

941 1686 1062 1720 Divino
1089 1687 1233 1719 oonsilio.

897 1743 932 1776 Si
958 1753 1029 1777 sum
1057 1745 1172 1786 dignus
1198 1749 1232 1777 te
1256 1753 1403 1786 poscere,

941 1793 1039 1826 Vitae
1066 1794 1160 1826 dator
1183 1802 1366 1833 munerum,

895 1840 993 1874 Hunc
1014 1842 1126 1874 vivere
1151 1843 1210 1875 sed
1236 1850 1389 1883 rumpere

944 1891 1014 1924 Fae
1037 1899 1174 1932 anguem
1195 1889 1413 1925 mortiterum.

898 1947 1100 1980 Panthaleon
1123 1948 1223 1989 igitur

897 1995 998 2029 Sacro
1023 1995 1115 2029 fonte
1138 1996 1287 2038 tingitur,

899 2043 1017 2086 Signis,
1043 2048 1081 2077 ut
1105 2044 1299 2086 ostenditur,

944 2093 1110 2126 Virtutum
1132 2096 1279 2129 ornatur.

897 2150 990 2183 Tune
1011 2151 1054 2183 ad
1072 2151 1270 2192 baptismum
1287 2154 1454 2194 properat,

898 2198 997 2241 Deos,
1022 2209 1102 2240 quos
1128 2201 1336 2241 adoraverat,

949 2248 1119 2289 Frfssngens
1144 2253 1180 2282 ut
1206 2249 1403 2285 christicola-

812 1744 870 1778 3b.

811 1947 874 1983 4b.

815 2150 875 2183 5b.

814 2304 875 2338 61).
900 2304 938 2337 In
963 2306 1026 2339 hoo
1053 2306 1203 2340 Christus
1229 2309 1404 2350 exaltatur,

899 2352 1017 2386 Falsus
1042 2355 1171 2388 omnino
1197 2356 1358 2397 probatm‘

948 2402 1062 2436 Cultus
1086 2403 1272 2437 idolatriae.
