1652 2678
697 134 963 171 —247—

183 233 240 265 4a.
270 231 531 273 Omnipotentem
556 233 673 266 invoco

266 279 339 322 Ego
363 280 481 323 Deum,
507 282 581 323 pari
605 282 702 315 modo

318 329 494 374 Christum,
521 331 590 371 ejus
614 329 727 364 filium.

186 388 242 421 5a.
271 386 435 421 Christum
463 390 551 421 cruci
577 387 754 422 affixerunt

265 435 312 468 Et
335 435 411 468 ideo
434 437 614 478 perierunt,

317 484 395 525 Ipse
420 488 527 518 autem
553 487 732 526 permanet.

186 543 243 575 6a.
273 541 354 574 Post
377 542 459 576 haec
482 546 590 576 autem
612 546 660 575 est
683 543 800 575 educta

267 590 314 623 Et
338 590 382 623 ad
406 590 610 631 praefectum
635 591 778 623 adducta

315 637 543 672 Proferentem
565 640 665 672 talia:

184 696 202 728 7
211 705 240 728 a.
267 695 325 728 Me
351 696 393 728 de
417 698 470 730 via
495 697 644 730 veritatis

265 744 428 777 Amovere
452 754 518 778 non
540 745 675 785 poteris,

316 792 416 832 Quam
442 793 534 834 coepi
559 793 731 835 incedere,

182 847 242 883 Sa.
269 850 309 882 In
335 852 412 882 aere
436 851 659 893 suspenditur,

265 899 391 939 Corpus
420 902 567 932 tenerum
594 899 742 932 caeditur

313 946 459 988 Virginis
484 948 649 989 subt-ilius,

183 1004 241 1038 9a.
268 1004 368 1038 Jussu
393 1005 528 1038 tandem
553 1005 681 1046 Olybrii

264 1052 472 1093 Praecipitur
498 1054 643 1086 interimi

315 1100 435 1134 Sancta
459 1102 551 1143 virgo
577 1101 705 1143 gladi03

156 1159 238 1193 loa.
268 1158 293 1192 O
319 1158 416 1191 beata
441 1168 562 1200 sponsa
588 1159 720 1200 Christi,

262 1206 351 1247 Quae
378 1208 539 1240 coelorum
562 1207 710 1240 meruisti

315 1255 480 1289 Scandere
504 1256 638 1297 palatia,

884 232 944 267 4b.
966 233 1016 266 Tu
1039 233 1171 266 invocas
1196 242 1313 265 nomen
1339 232 1471 276 Christi,

956 280 1056 321 Quem
1076 283 1247 314 traxerunt,
1262 284 1374 322 patres
1391 280 1496 313 nostri

1017 329 1129 363 Crucis
1154 330 1197 363 ad
1222 327 1457 370 suspendium?

884 389 944 423 5b.
966 388 1058 421 Tunc
1082 388 1251 429 praecepit
1275 396 1344 420 eam
1372 387 1445 428 capi

968 435 1015 469 Et
1037 437 1072 468 in
1098 445 1260 470 carcerem
1284 436 1419 476 includi,

1015 484 1061 518 Ut
1086 485 1134 517 sic
1159 494 1228 518 eam
1253 485 1418 525 perderet.

884 541 943 576 6b.
966 542 1024 583 Te,
1051 542 1079 574 si
1103 543 1182 575 mihi
1210 542 1421 582 consenseris,

965 589 1012 622 Et
1038 590 1115 623 deos
1141 591 1340 632 adoraveris,

1015 639 1160 679 Replebo
1186 639 1333 680 pecunia.
1364 658 1407 662 —

884 697 903 729 7
910 696 942 730 b.
966 696 1052 729 Nam
1076 697 1177 730 adoro
1202 697 1308 730 Deum
1335 697 1426 737 caeli,

966 744 1067 784 Quem
1085 744 1262 778 formidant
1274 754 1373 786 mare,
1392 745 1493 786 venti,

1015 793 1119 826 Terra
1144 795 1228 827 solet
1251 797 1391 826 tremere

883 850 942 885 8b.
964 851 1141 892 Tamquam
1168 852 1210 885 de
1234 851 1325 884 fonte
1350 851 1458 892 aliquo

968 898 1071 932 Cursu
1098 898 1211 932 defluit
1235 900 1352 941 rapido

1014 947 1150 988 Sanguis
1177 957 1195 980 e
1221 948 1417 981 vulneribus.

881 1005 940 1039 9b.
966 1004 1020 1038 Sic
1043 1006 1182 1039 animam
1209 1005 1373 1038 exhalavit

963 1054 1073 1094 Atque
1097 1055 1197 1087 vitam
1223 1053 1457 1087 consummavit

1013 1102 1117 1135 Felici
1141 1103 1309 1143 martyrio.

858 1159 940 1193 10b.
964 1160 1110 1200 Impetra
1134 1161 1228 1193 nobis
1254 1161 1380 1193 veniam

965 1208 1169 1241 Delictorum
1195 1212 1228 1240 et
1252 1208 1386 1249 gloriam

1013 1257 1053 1289 In
1079 1257 1211 1289 coelesti
1236 1257 1354 1297 patria.

577 1314 632 1347 11.
660 1316 765 1346 Amen
793 1314 904 1346 dicant
929 1314 1044 1346 omnia.

231 1389 321 1418 Grad.
342 1398 396 1417 ms.
418 1390 654 1428 Aquicinctense
675 1398 752 1418 saec.
774 1387 850 1418 ¹5¹16.
873 1389 943 1419 Coti.
965 1391 1114 1419 Duacens.
1138 1388 1202 1418 124.

568 1553 634 1585 327.
674 1552 719 1585 De
739 1553 853 1585 sancta
872 1551 1071 1593 Margareta.

150 1634 167 1666 1
177 1643 206 1667 a.
235 1633 327 1673 Quod
337 1636 510 1677 terrarum,
525 1636 611 1676 quod
621 1634 788 1679 profundi,

233 1682 326 1723 Quod
351 1682 451 1716 totius
477 1684 581 1716 ambit
603 1684 717 1716 mundi

285 1730 428 1764 Grandis
455 1733 663 1775 continentia,

149 1790 207 1823 2a.
234 1788 396 1822 Pietatem
421 1790 537 1822 summi
565 1791 651 1831 regis

233 1837 285 1870 Ac
309 1841 487 1880 praecepta
512 1848 590 1871 suae
614 1839 695 1880 legis

281 1886 420 1919 Recolat
444 1888 593 1931 ecclesia,

147 1945 204 1978 3a.
231 1944 320 1977 Ecce
346 1944 416 1977 dies
441 1946 535 1979 nobis
561 1947 657 1989 laeta,

230 1994 270 2027 In
295 2003 359 2035 qua
383 1994 475 2036 virgo
500 1996 691 2036 Margareta

280 2043 479 2077 Conscendit
505 2044 669 2084 coelestia,

142 2102 205 2135 4a.
232 2100 325 2134 Haec
344 2101 379 2134 in
401 2102 474 2135 loco
500 2105 590 2135 stans
616 2102 747 2143 poenali

229 2150 310 2184 Orat
336 2149 501 2184 Christum
526 2151 684 2184 carcerali

279 2199 398 2234 Clausa
422 2200 482 2233 sub
510 2200 669 2242 custodia,

141 2259 201 2292 5a.
229 2258 334 2291 Prece
359 2255 448 2291 facta

222 2306 289 2340 Res
316 2309 366 2339 est
387 2310 470 2349 acta,

272 2355 415 2398 Serpens
441 2359 536 2390 natus

271 2406 337 2439 Per
362 2405 471 2439 hiatus

320 2455 406 2488 Belli
434 2456 491 2489 dat
514 2455 655 2498 indicia;

853 1633 911 1669 lb.
932 1633 1047 1666 Laude
1071 1641 1157 1666 nova
1182 1632 1405 1674 compellatur,

934 1682 1031 1716 Justa
1053 1690 1192 1722 namque
1218 1690 1314 1714 causa
1341 1681 1449 1722 datur,

983 1729 1031 1763 Ut
1054 1730 1218 1763 laetentur
1244 1729 1361 1762 omnia.

851 1788 909 1822 ab.
931 1788 1043 1829 Ipsum
1069 1791 1186 1820 cuncta
1209 1787 1323 1820 laudat
1349 1795 1424 1819 caro

933 1836 1048 1869 Mente
1072 1845 1165 1878 pura,
1194 1836 1293 1869 corde
1318 1835 1406 1868 claro

984 1884 1063 1918 Cum
1091 1885 1209 1918 devota
1232 1884 1347 1926 grat-ia.

850 1944 909 1979 3b.
934 1943 1016 1983 Qu1a
1041 1952 1149 1976 secum
1174 1943 1222 1975 sic
1247 1943 1400 1984 neglexit,

933 1992 1025 2034 Quod
1042 1996 1118 2033 post
1133 1994 1275 2025 mentem
1288 2001 1352 2024 non
1362 1989 1492 2024 reflexit

981 2041 1036 2074 Ad
1061 2041 1144 2074 haec
1171 2040 1372 2074 transitoria.

847 2101 908 2135 4b.
932 2101 1146 2142 impugnator
1169 2102 1207 2132 ut
1231 2100 1383 2140 antiquus

929 2150 1044 2184 Palam
1068 2148 1128 2182 fiat
1151 2149 1312 2190 inimicus,

982 2198 1043 2239 Qui
1067 2197 1240 2239 perturbat
1262 2197 1378 2230 omnia.

848 2258 906 2293 5b.
929 2258 995 2291 Hic
1018 2257 1150 2300 invasit,

929 2307 1022 2340 Haec
1047 2307 1160 2348 evasit,

979 2355 1064 2389 Nam
1091 2356 1253 2389 sorbendo

977 2405 1050 2439 Nec
1073 2405 1236 2438 laedendo

1026 2455 1127 2489 Parte
1152 2456 1266 2495 crepat
1289 2453 1411 2487 media.
