1652 2678
741 89 1006 126 —151—

233 188 294 221 Sa.
321 186 414 220 Finis
440 188 565 228 primae
589 189 753 222 mesanica
932 188 992 224 8b.
1014 188 1077 222 His
1104 190 1154 221 est
1178 187 1280 220 omnis
1308 187 1469 220 cantilena

320 235 449 269 initium
474 237 636 270 secundae
1018 236 1167 270 melodiis
1194 236 1349 277 canenda,

319 284 370 317 bis
398 284 556 326 diapason
1017 284 1174 327 quidquid
1199 287 1331 317 resonat

321 334 463 375 complet
486 334 670 368 melodiam.
1016 334 1118 367 omnis
1143 332 1346 374 symphonia.

235 392 294 424 9a.
322 391 395 425 Hac
418 390 454 424 in
479 392 583 424 sancti
608 392 767 425 hodierna
934 392 994 427 9b.
1018 392 1313 432 Quemregnantem
1323 389 1543 431 super-aethra

369 439 567 481 Karilepphi
592 441 697 481 gratia
1067 439 1148 473 coeli
1176 439 1313 472 laudant
1336 438 1474 480 agmina,

318 488 406 532 Tibi,
434 487 572 530 Christe,
599 489 669 530 regi
695 498 817 533 regum,
1017 489 1164 530 Sanctus,
1179 490 1307 521 sanctus
1322 490 1435 528 terque
1448 493 1541 518 sanc-

1311 540 1362 569 tus

371 585 484 618 damus
509 584 623 617 laudes
648 585 789 619 inclitas.
1066 593 1194 626 semper
1218 584 1462 625 proclamantia.

212 642 293 676 loa.
321 642 421 682 Quem
446 642 563 675 adorat
587 652 711 675 summa
737 643 820 675 coeli
909 643 990 678 10b.
1011 644 1117 684 Hujus
1143 642 1247 675 sancti
1274 640 1468 675 confessoris

367 694 476 724 terrae
501 699 561 723 nec
583 699 625 723 ne
649 691 809 733 machina,

1061 693 1154 733 ,iuves
1179 699 1238 723 nos
1264 690 1444 730 clementia,

1016 740 1077 780 Qui
1091 749 1163 773 cum
1176 739 1296 773 sanctis
1309 742 1415 771 tecum
1423 741 1538 779 regnat

317 738 543 780 Supplicamus
571 739 669 771 corde
693 749 775 780 puro

1064 797 1124 829 per
1150 788 1350 820 saeculorum
1376 787 1514 819 saecula.

365 789 536 828 menteque
561 787 742 820 humillima

287 862 356 891 Cod.
373 863 580 892 Aurelianens.
602 861 652 899 (01.
668 862 862 901 Floriacens.)
881 873 948 893 saev
974 863 1000 893 9.
1018 864 1084 893 add.
1100 872 1175 893 saec.
1191 861 1219 880 ¹⁰
1231 873 1258 892 η
1274 865 1331 892 mit
1343 864 1486 892 Neumen.
1503 877 1542 881 -—

207 902 244 930 In
270 902 329 930 Str.
359 901 377 930 7
411 904 454 930 ist
483 902 532 930 (lie
552 902 665 931 Schrift
691 903 783 931 durch
802 903 1014 941 Feuchtigkeit
1039 904 1099 931 fast
1124 902 1294 931 erloschen:
1321 903 1370 930 die
1399 903 1461 930 ‹li-ei
1487 902 1544 928 mit

207 940 360 978 liegender
383 941 496 970 Schrift
520 941 704 978 geth-uckten
726 942 831 970 Worte
857 942 924 970 sind
951 943 1035 970 nieht
1058 944 1113 970 mit
1133 941 1303 969 Sicherheit
1328 951 1366 969 zu
1392 941 1483 969 lesen.
1504 955 1532 959 —

207 977 267 1014 3a,
296 978 317 1008 4
336 981 397 1008 und
418 977 470 1014 6b,
492 978 510 1007 2
531 980 630 1008 haben
645 980 678 1015 je
702 981 768 1008 eine
788 980 872 1009 silbe
892 981 976 1009 mehr
995 982 1041 1009 als
1062 981 1111 1009 die
1129 980 1345 1008 Parallelzeile.
1434 980 1471 1007 In
1491 979 1543 1006 der

207 1018 300 1046 Hsch.
323 1020 403 1057 tr'agt
425 1018 474 1046 (lie
492 1018 589 1047 Prosa
608 1019 666 1048 den
684 1019 764 1047 Titel
799 1017 899 1051 ,Prosa
919 1017 1094 1048 Olarellae³‘.

562 1141 626 1174 198.
667 1142 710 1174 De
731 1151 771 1174 ss.
793 1142 941 1175 Cassiano
963 1143 995 1175 et
1015 1142 1193 1184 Hippolyto.

209 1222 265 1255 la.
292 1222 422 1255 Laudes
447 1222 518 1255 Deo
542 1223 719 1255 modulizet
907 1224 966 1258 lb.
989 1224 1153 1257 Laureata
1177 1222 1365 1263 triumphali

205 1330 262 1362 2a.

203 1436 263 1469 3a.

201 1543 260 1575 4a.

203 1698 259 1730 5a.

199 1902 258 1935 6a.

198 2157 255 2189 7a.

201 2313 255 2347 821.

338 1270 490 1304 solemnis
517 1271 665 1313 ecclesia,

288 1329 349 1370 Qui
373 1329 557 1363 Jerusalem
583 1329 732 1362 coelestis

336 1381 454 1410 ornant
478 1376 636 1417 aedificia,

290 1435 442 1476 Purpura
466 1435 552 1476 regis
576 1435 692 1469 induta

335 1484 420 1525 legio
445 1483 676 1525 pulcherrima,

287 1541 333 1574 Hi
358 1541 544 1583 bellatores,

286 1590 349 1630 Qui
371 1593 525 1623 tenentur
549 1591 635 1632 regis
660 1591 771 1625 David

336 1638 414 1672 Sion
438 1639 693 1681 propugnacula,

285 1696 383 1729 Felix
405 1705 515 1729 eorum
542 1696 709 1731 conflictus

337 1748 370 1777 et
395 1744 475 1777 felix
499 1745 647 1787 victoria,

287 1793 402 1826 Brevis
428 1802 542 1837 poena,
569 1803 694 1827 merces
718 1796 826 1840 plena,

338 1842 409 1875 sine
431 1840 495 1874 fine
520 1842 634 1883 gloria.

287 1901 412 1934 Horum
438 1902 575 1933 stemma
600 1905 694 1934 ornat
717 1911 843 1944 gemma

333 1949 437 1983 Nobis
462 1949 639 1990 splendens

332 1998 378 2031 Et
403 1998 532 2040 egregie
556 1999 773 2039 praetendens

379 2047 545 2081 Passionis
573 2048 776 2091 documenta,

282 2155 444 2188 Eruditor
467 2163 642 2195 puerorum

287 2203 442 2237 Caeditur
465 2203 550 2236 stilis
577 2213 686 2237 eorum

330 2252 477 2295 Tyranni
502 2253 674 2295 sententia,

279 2312 377 2345 Felix
403 2311 461 2344 ille
485 2311 706 2354 magistratus,

279 2360 402 2396 Infelix
429 2360 655 2403 discipulatus,

329 2410 459 2444 Nocens
485 2410 643 2452 pueritia3

1037 1275 1216 1311 martyrum
1244 1271 1391 1314 victoria,

906 1330 966 1363 ab.
990 1330 1099 1363 Sardii
1123 1329 1209 1361 inter
1233 1329 1388 1370 beryllos,

1037 1386 1132 1411 rosae
1155 1377 1242 1410 inter
1266 1377 1346 1412 lilia.

906 1436 965 1470 3b.
986 1435 1176 1471 Suavissimi
1201 1435 1310 1468 odoris

1034 1484 1123 1518 facta
1147 1484 1216 1517 Deo
1242 1484 1383 1517 victima.

901 1543 961 1577 4b.
984 1543 1262 1585 Triumphatores,

986 1592 1128 1632 Quorum
1152 1591 1254 1624 stolas
1278 1591 1409 1633 sanguis
1434 1591 1517 1624 lavit

1036 1641 1122 1682 Agni
1148 1640 1218 1672 sine
1242 1641 1379 1673 macula.

904 1698 964 1733 5b.
988 1700 1117 1740 Agnum
1143 1702 1312 1740 sequentes
1338 1699 1477 1731 occisum

1036 1749 1165 1788 gestant
1191 1747 1375 1780 diademata

984 1795 1030 1828 Et
1054 1795 1206 1837 theologa
1232 1796 1426 1828 concinnant

1036 1845 1235 1877 exsultantes
1259 1847 1443 1885 pneumata.

903 1902 963 1938 6b.
987 1902 1170 1945 Cassianus,
1198 1903 1253 1943 qui
1277 1912 1338 1944 per
1362 1912 1475 1936 manus

1034 1951 1180 1985 Pueriles

1038 1999 1205 2034 Gloriosus
1226 1998 1293 2033 Dei
1319 2001 1411 2033 miles

1082 2048 1201 2082 Mortis
1234 2058 1350 2090 passus
1389 2053 1439 2083 est
1473 2054 1542 2084 tor-

1248 2101 1367 2135 menta.

902 2158 920 2191 7
929 2157 962 2192 b.
983 2158 1015 2191 A
1041 2157 1211 2198 discipulis
1242 2157 1276 2189 in
1302 2157 1423 2202 schola,

984 2206 1099 2239 Pueris
1125 2208 1231 2238 aetate
1257 2206 1336 2246 sola,

1033 2255 1090 2288 Fit
1113 2254 1269 2296 magister
1294 2255 1410 2290 hostia.

902 2313 964 2349 8b.
989 2314 1052 2347 Ille
1077 2313 1190 2355 nutrit,
1216 2314 1272 2346 isti
1299 2315 1441 2349 caedunt

986 2363 1049 2396 llle
1075 2364 1179 2404 docet,
1205 2363 1261 2396 isti
1286 2364 1430 2406 laedunt,

1034 2412 1125 2446 Bono
1152 2412 1233 2445 dant
1258 2415 1433 2449 contraria.
