1652 2678
745 83 1007 118 *142—

215 185 271 217 9a.
298 184 378 216 Alta
402 183 512 216 laurus
538 185 684 215 sanctum
709 180 836 223 probat,
908 180 966 214 9b.
990 181 1196 213 Incessanter
1221 177 1381 219 praebent
1406 177 1529 211 cunctis

297 231 349 264 Ex
374 232 497 264 tumulo
523 239 605 271 quae
629 231 797 272 germinat,
989 225 1233 267 Languentibus
1261 228 1293 257 et
1317 226 1457 267 aegrotis

345 280 414 320 Qua
439 278 571 312 frondes
598 282 630 311 et
655 277 735 310 folia
1039 274 1195 308 Miranda
1219 274 1395 315 praesidia.

557 336 614 370 10.
641 335 737 367 Nunc
760 336 796 365 te
818 335 943 373 martyr
970 333 1183 373 deposcitum,

641 382 771 415 Nostris
797 382 913 415 adesse
938 381 1101 422 precibus,

690 429 855 464 Christum
867 439 928 471 pro
938 430 1031 463 nobis
1042 438 1189 470 precare,

689 479 735 512 Ut
760 487 819 511 nos
845 478 925 512 velit
950 479 1113 511 collocare

734 527 774 560 In
798 527 879 560 coeli
902 527 1034 567 palatio.

224 646 250 672 tr
285 605 369 670 {fist
394 604 551 632 Aeduense
576 612 653 632 saec.
682 601 726 631 15.
756 601 826 630 Ood.
853 602 929 631 Sem.
957 602 1104 632 Aeduens.
1135 600 1198 632 120.
1226 618 1264 623 —
1294 601 1352 637 512,
1384 600 1398 630 1
1426 602 1545 631 Canunt

208 653 222 672 s
252 652 289 672 an
304 652 344 671 es.

634 734 693 768 187.
734 736 779 768 De
799 737 908 768 sancto
930 735 1108 768 Benedicto.

209 818 268 853 12..
294 816 404 850 Sancti
427 818 530 858 patris
555 817 727 851 Benedicti
906 817 964 850 lb.
987 819 1181 858 Pangamus,
1207 816 1326 850 fratres
1355 818 1474 859 devoti,

292 867 408 898 merita
989 866 1113 898 inclita.

209 926 265 957 Za.
295 923 394 963 Quem
420 926 512 956 tanta
906 923 969 958 2b.
991 923 1059 963 Quo
1086 924 1155 963 ejus

294 982 371 1005 suae
396 972 528 1012 pietatis
991 971 1054 1004 sibi
1081 971 1273 1004 documenta

291 1029 349 1053 rex
376 1020 523 1054 Christus
551 1020 718 1053 decoravit
991 1020 1170 1053 consciscat
1193 1019 1423 1052 monachorum

293 1070 409 1111 gratia,
991 1068 1093 1103 milia.

213 1128 270 1161 3a.
298 1126 394 1159 Nunc
418 1127 533 1159 merito
908 1126 970 1160 3b.
995 1126 1056 1166 Qui
1079 1126 1215 1158 miseros

295 1178 370 1215 post
394 1174 506 1208 beatos
989 1178 1064 1216 post.
1086 1177 1220 1215 peracta

298 1223 460 1263 apostolos
991 1222 1115 1263 flagitia

295 1272 514 1304 venerandum
542 1274 655 1304 sancta
679 1272 789 1305 sanxit
992 1272 1180 1311 desperatos
1204 1271 1273 1303 vita
1297 1270 1381 1302 solet

294 1328 355 1360 per
380 1319 490 1353 orbem
517 1319 665 1353 ecclesia.
992 1328 1147 1360 reparare
1171 1319 1276 1352 venia.

212 1378 272 1411 4a.
299 1376 372 1410 Jam
396 1377 553 1418 benignus
578 1380 673 1418 pater
907 1377 968 1411 4b.
993 1377 1053 1418 Qui
1079 1377 1242 1418 quondam
1266 1377 1299 1410 in
1325 1376 1423 1409 terris

295 1429 474 1466 potensque
499 1425 662 1458 archiater
992 1425 1169 1467 omnigenis
1194 1425 1311 1459 studiis

297 1474 406 1507 divina
993 1475 1158 1507 mundana

295 1523 416 1562 gaudet
439 1533 525 1556 nunc
547 1523 742 1564 praesentia,
992 1523 1071 1556 vicit
1096 1523 1321 1555 oblectamina.

217 1582 273 1614 521.
298 1580 375 1621 Quis
401 1590 490 1622 rogo,
518 1581 588 1623 quis
909 1580 967 1614 51).
990 1581 1067 1622 Quis
1094 1581 1235 1614 omnium

296 1630 479 1670 comparari
991 1632 1080 1662 retro
1102 1631 1232 1670 patrum

295 1679 384 1711 tanto
411 1681 508 1718 queat
533 1678 650 1711 caelibi
993 1680 1086 1711 tanta
1111 1677 1203 1711 fulsit
1229 1678 1336 1720 gratia

296 1727 449 1768 moribus,
993 1725 1129 1767 fulgida,

295 1774 418 1808 viribus
992 1775 1178 1817 splendida,

297 1824 454 1856 virtutum
992 1827 1029 1856 ut
1054 1824 1123 1865 ejus

298 1873 457 1905 cumulato
484 1872 615 1914 gloria?
993 1876 1155 1905 testantur
1179 1871 1363 1906 miracula?

212 1930 268 1963 6a.
295 1929 382 1962 Huic
407 1931 509 1963 omnis
534 1932 647 1972 populi
909 1930 968 1964 6b.
993 1931 1060 1971 Quo
1089 1932 1157 1972 eJ'us
1182 1931 1314 1964 monitis

296 1976 404 2011 fronte
429 1979 547 2021 signati
992 1979 1059 2012 fide
1084 1980 1263 2020 praeclaris

294 2029 361 2058 tam
386 2036 512 2069 magno,
538 2030 605 2060 tam
632 2028 717 2060 celso
994 2028 1154 2069 condigne
1178 2030 1332 2068 parentes

296 2075 428 2108 subdite
452 2077 539 2117 patri
992 2076 1084 2116 jungi
1110 2077 1236 2117 queatis

298 2124 380 2156 colla
410 2124 526 2157 devote
995 2125 1143 2157 omnibus
1169 2126 1290 2158 sanctis

295 2172 401 2214 mites,
428 2173 565 2205 humiles
995 2173 1076 2206 coeli
1103 2174 1268 2216 dindimjs,

295 2223 449 2262 percepta
995 2221 1066 2263 quis
1094 2222 1214 2255 durant

294 2269 526 2311 redemptionis
552 2270 667 2311 gratia.
997 2271 1067 2303 sine
1091 2270 1157 2304 fine
1178 2272 1301 2312 gaudia

743 2328 776 2362 7.
802 2326 1017 2368 sempiterna.

279 2401 397 2431 Prosar.
418 2412 472 2432 ms.
492 2405 676 2441 Tegminum
697 2411 773 2432 saec.
798 2401 842 2431 11.
866 2403 937 2432 Cod.
957 2404 1142 2434 Londinens.
1166 2405 1242 2433 Add.
1268 2403 1303 2434 19
1315 2404 1380 2435 768.
