1652 2678
770 98 1033 133 —140—

241 197 297 230 3a.
324 197 423 240 Virgo
449 197 538 231 fonte
561 199 755 239 baptizatur,

325 245 384 279 Cui
408 247 511 279 virtus
536 248 611 281 talis
639 247 744 285 datur,

369 295 451 327 Fert
474 296 633 328 medelam
659 293 839 335 languidis:

241 362 298 394 4a.
325 364 356 396 A
382 363 413 395 vi
439 363 541 403 patris
567 362 651 394 hanc
676 360 803 392 ferebat

325 410 481 451 Marmor,
502 412 614 451 pastor
633 418 697 449 qua
713 407 874 449 prodebat

374 458 465 499 Signi
489 467 549 498 per
574 457 749 495 indicium;

240 527 296 558 5a.
324 525 411 558 Hinc
435 525 561 557 acerbis
588 533 659 555 cum
684 522 820 563 flagellis

324 573 403 606 Dire
429 573 591 605 cruciatur
616 572 712 612 pellis

366 621 459 654 Mitis
485 623 616 653 sanctae
645 619 822 659 Barbarae,

240 690 297 722 6a.
323 688 422 721 Mane
445 687 531 720 facto
556 690 774 728 retorquetur,

322 737 462 777 Lampas
487 736 606 769 ardens
633 736 806 768 adhibetur

368 785 502 826 Apertis
528 784 696 825 lateribus,

239 854 295 886 7a.
323 853 525 896 Denudatur,
552 853 703 894 agitatur,

323 901 410 934 Alba
435 901 519 933 stola
544 901 603 933 sed
625 901 752 933 velatur

369 949 420 982 De
442 950 523 982 coeli
550 950 732 990 cacumine3

238 1016 294 1050 8a.
324 1017 452 1050 Crimen
477 1018 585 1050 laesae
609 1017 788 1057 majestatis

319 1066 408 1098 Nece
433 1074 571 1106 sponsae
594 1065 750 1097 trinitatis

369 1115 489 1146 Actum
510 1113 683 1146 temerarie

237 1182 296 1214 9a.
322 1181 422 1214 Laxis
447 1181 539 1214 fibris
563 1190 650 1214 nunc
675 1182 859 1222 clamemus,

320 1230 465 1271 Sponsae
490 1239 643 1270 sponsum
668 1230 851 1262 invocemus

369 1278 488 1311 Nostro
510 1287 569 1318 pro
596 1278 743 1318 collegio,

934 195 992 229 3b.
1015 196 1119 228 Deum
1145 195 1264 227 trinum
1292 194 1461 228 confitetur

1018 243 1181 277 Genitoris
1206 251 1267 275 nec
1290 245 1433 276 terretur

1064 292 1164 324 Minis
1188 292 1323 324 multum
1348 290 1495 332 perfidis.

933 357 992 392 4b.
1017 359 1142 400 Quique
1166 368 1308 392 marmor
1333 358 1369 392 fit
1394 360 1539 399 repente,

1018 407 1107 440 Grex
1132 408 1286 448 locustae,
1312 406 1351 439 fit
1375 407 1505 440 volente

1065 455 1133 488 Deo
1160 456 1222 488 hoc
1245 455 1439 496 prodigium.

934 522 993 557 5b.
1016 523 1168 556 Sauciata
1199 526 1394 564 carceratur,

1017 571 1122 604 Nocte
1147 572 1252 614 plagis
1274 572 1355 604 haec
1380 574 1524 612 sanatur,

1067 621 1187 654 Carcer
1212 620 1365 661 splendet
1386 620 1513 661 jubare.

934 686 993 720 6b.
1017 687 1121 729 Caput
1144 688 1246 730 magis
1272 698 1389 729 purum
1415 688 1519 720 stellis

1017 737 1074 770 Fit
1097 746 1287 778 percussum
1310 746 1381 769 cum
1398 736 1568 777 martellis,

1065 785 1248 818 Truncatur
1272 785 1454 818 urberibus.

933 852 990 884 71³.
1013 853 1076 886 Pro
1104 853 1228 886 devotis
1256 853 1438 894 exauditur,

1018 901 1107 933 Ense
1132 902 1234 942 patris
1258 902 1326 942 J'am
1351 902 1488 934 moritur

1064 949 1149 982 Divo
1174 948 1287 982 fruens
1311 950 1452 982 numine.

933 1014 992 1048 8b.
1017 1017 1097 1050 Mox
1122 1017 1156 1048 in
1181 1025 1272 1049 reum
1295 1017 1491 1057 vindicatur,

1017 1065 1102 1097 Nam
1127 1074 1187 1106 per
1215 1065 1323 1106 ignem
1348 1067 1571 1097 concrematur

1065 1113 1210 1147 Perditis
1235 1112 1370 1147 nefarie.

934 1181 994 1214 9b.
1016 1182 1063 1215 Ut
1088 1181 1164 1213 hinc
1190 1181 1258 1221 ejus
1289 1181 1474 1221 supplicatu

1016 1230 1206 1271 Expurgato
1233 1239 1253 1261 a
1277 1233 1370 1261 reatu

1066 1278 1171 1310 Detur
1192 1279 1280 1311 vitae
1305 1278 1404 1319 regio.

311 1363 395 1392 Miss.
421 1372 476 1391 ms.
499 1362 710 1391 Cameracense
736 1371 813 1391 saec.
842 1360 886 1390 14.
910 1362 979 1390 Cod.
1003 1363 1206 1392 Cameracens.
1234 1361 1298 1392 180.
1326 1363 1392 1392 add.
1419 1372 1497 1391 saec.
1527 1361 1572 1392 15.

234 1401 270 1429 A.
290 1416 330 1422 —-
348 1403 432 1430 Miss.
449 1402 662 1430 Cameracense
683 1403 754 1439 imp.
769 1402 906 1430 Parisiis.
930 1399 1013 1430 1542.
1030 1404 1063 1431 B.
1088 1418 1121 1422 —
1144 1400 1195 1437 Sb,
1220 1401 1235 1430 1
1249 1403 1322 1431 Mox
1341 1404 1375 1430 in
1399 1411 1467 1430 eum
1479 1402 1513 1430 B.
1535 1417 1573 1422 -

234 1438 287 1476 810,
305 1438 318 1469 ί
342 1442 472 1470 Perditis
493 1442 527 1469 B.

681 1611 744 1643 185.
785 1611 829 1643 De
850 1611 964 1643 sancta
983 1611 1138 1644 Barbara.

242 1693 299 1728 1a.
325 1694 430 1726 Mittit
450 1694 607 1728 Dioscoro

372 1741 503 1775 Prolem
528 1752 592 1775 non
616 1743 790 1776 barbaram

322 1792 387 1825 Sed
411 1801 537 1833 pagano
562 1792 656 1824 thoro

368 1840 536 1881 Virginem
560 1840 740 1873 Barbaram

417 1889 555 1922 Amator
583 1889 733 1921 hominis.

241 1956 296 1988 2a.
324 1956 502 1989 Barbaram
528 1957 618 1989 elicit

368 2005 421 2038 Ex
447 2006 550 2046 stirpe
574 2015 702 2046 pagana

319 2054 364 2086 Et
388 2063 481 2086 suam
507 2053 617 2093 efficit,

369 2103 417 2136 Ut
443 2103 558 2143 paleae
584 2111 685 2143 grana

418 2151 529 2183 Tollat
556 2151 597 2183 de
621 2150 738 2191 medio,

238 2218 293 2250 Sa.
323 2217 426 2251 Foras
452 2219 638 2253 Christiana

368 2265 484 2299 Refert
510 2266 672 2300 Christum
696 2273 805 2306 regem

321 2315 366 2347 Et
389 2315 479 2348 idola
504 2324 587 2347 vana

370 2364 508 2405 Frangit
528 2366 625 2404 atque
649 2363 753 2403 Iegem

416 2412 525 2445 Patris
550 2411 688 2452 imperii.

936 1693 995 1727 lb.
1019 1695 1049 1728 E
1070 1695 1172 1735 spinis
1197 1694 1340 1727 trahitur

1066 1743 1155 1776 Rosa
1179 1743 1232 1775 vel
1257 1743 1372 1786 lilium,

1015 1791 1102 1824 Dum
1126 1794 1205 1824 tunc
1231 1792 1412 1824 extrahitur

1067 1840 1145 1873 Flos
1171 1839 1353 1873 infidelium

1114 1889 1153 1922 In
1178 1892 1277 1930 partu
1301 1889 1449 1931 virginiS.

934 1956 996 1989 2b.
1022 1957 1145 1990 Doctor
1171 1958 1337 1998 Origenes,

1066 2006 1158 2046 Quod
1183 2007 1265 2038 haec
1291 2006 1416 2050 credat,
1446 2005 1553 2047 poscit

1017 2054 1062 2086 Et
1086 2057 1249 2087 tormenta
1273 2063 1373 2095 penes

1064 2102 1170 2134 Docet
1193 2103 1267 2143 iter,
1295 2112 1357 2144 quo
1384 2103 1429 2137 sit

1115 2151 1235 2184 Potens
1261 2152 1295 2184 in
1321 2152 1459 2193 proelio.

934 2215 993 2251 3b.
1021 2218 1102 2251 Orat
1126 2228 1253 2251 sursum
1277 2220 1341 2252 ista

1068 2267 1205 2301 Cursum
1230 2266 1303 2301 fons
1327 2268 1455 2310 incipit,

1018 2317 1050 2347 A
1077 2319 1188 2349 sancto
1212 2316 1361 2357 baptista

1066 2364 1235 2405 Baptisma
1260 2365 1397 2405 suscipit

1114 2412 1244 2447 Virtute
1266 2413 1380 2447 nuntii.
