1652 2678
705 108 970 144 —223—

196 206 218 239 9
227 213 256 238 a.
282 204 358 237 Non
367 205 553 246 sanguinem
564 207 623 240 sed
631 205 811 248 lacfundis,

282 253 477 295 Katharina,
504 254 595 296 virgo
624 255 738 295 dulcis,

331 303 382 336 De
407 303 533 335 cervice
554 303 669 343 lactea,

171 362 255 395 10a.
284 361 478 401 Candidata‚
505 364 696 402 purpurata,

282 409 376 443 Stola
399 408 492 449 legis,
519 409 615 442 lictor
640 410 737 451 regis,

330 457 444 490 Induit
468 459 502 489 te
525 457 694 490 Dominus.

170 516 257 549 1121.
285 516 420 549 Festum
442 516 533 547 tuum
560 516 773 557 celebrantes,

279 564 473 597 Memoriam
498 566 704 606 venerantes,

279 612 355 645 Tibi
382 613 477 653 digne
501 610 695 644 famulantes

328 660 485 693 Floreant
509 659 693 692 virtutibus.

171 719 250 753 12a.
279 718 367 751 Audi
393 717 447 758 pie
469 718 718 758 congaudentes,

278 766 380 799 Serva
405 765 465 798 tibi
491 766 669 797 servientes

274 814 321 846 Et
344 814 378 846 in
405 813 503 846 coelis
530 814 738 846 conviventes

325 863 394 896 Fac
417 864 493 903 post
515 862 630 894 mortis
654 862 808 896 debitum.

170 922 252 955 1322.
279 920 367 962 Ergo
395 918 507 953 confer
531 920 664 960 pietatis

277 968 346 1001 Lac
371 971 404 1000 et
430 968 547 1000 donum
575 969 730 1007 caritatis,

279 1017 382 1057 Opem
406 1019 482 1057 pete
509 1016 638 1048 deitatis

278 1064 388 1097 Servis
414 1073 558 1097 summae
583 1065 725 1105 deitatis,

325 1113 379 1145 Da
403 1112 517 1145 salutis
546 1113 708 1153 gaudium.

896 206 957 242 91).
980 207 1077 248 Cujus
1104 214 1220 246 corpus
1245 214 1305 246 per
1328 215 1406 239 aera

979 256 1018 288 In
1042 254 1198 288 verticem
1223 254 1342 286 montis
1368 254 1447 287 Sina

1027 303 1139 336 Virtus
1165 302 1254 335 vexit
1280 303 1411 336 coelica.

874 360 957 395 10b.
982 361 1145 402 Speciosa,
1176 369 1342 402 generosa,

979 410 1072 443 Haec
1096 409 1208 449 regina
1233 411 1266 440 et
1289 409 1438 450 benigna.

1030 457 1127 498 Cujus
1153 456 1207 489 hic
1234 459 1283 489 est
1305 456 1401 490 filius.

978 516 1059 557 Tua,
1084 516 1188 556 virgo,
1214 523 1312 556 prece
1336 516 1392 556 pia

983 565 1210 598 consummata
1236 564 1341 596 carnis
1366 564 1420 596 via

980 611 1097 653 Sponsi
1122 611 1171 643 tui
1198 620 1269 643 cum
1294 612 1395 653 gloria

1026 660 1188 693 Fruamur
1214 660 1427 701 amplexibus.

977 718 1098 750 Tecum
1122 718 1208 750 cives
1233 727 1446 758 supernorum

976 766 1022 799 Et
1047 766 1194 799 concives
1220 766 1319 799 simus
1344 767 1459 799 horum

976 814 1022 847 Et
1048 817 1213 847 consortes
1239 815 1428 855 gaudiorum

1026 863 1105 895 Post
1131 863 1236 895 carnis
1261 863 1439 897 interitum.

977 921 1032 953 Ad
1052 922 1235 953 sanctorum
1253 930 1362 953 omnes
1383 924 1507 954 coetum

977 968 1046 1001 Nos
1070 968 1187 1002 invitet
1210 968 1299 1001 Deus
1325 978 1444 1010 secum,

976 1016 1024 1050 Ut
1045 1020 1208 1049 cantemus
1234 1017 1329 1049 simul
1353 1020 1460 1049 tecum

975 1065 1130 1105 Alleluja,
1159 1074 1287 1098 carmen
1312 1066 1442 1103 laetum.

1023 1113 1221 1154 Angelorum
1247 1114 1415 1148 canticum.

872 515 956 549 111).

871 717 955 753 121).

870 920 954 955 1310.

243 1198 361 1226 Pros-ar.
390 1205 443 1225 ms.
464 1196 693 1226 Mai-chianense
713 1206 789 1227 saec.
813 1197 856 1226 15.
880 1197 949 1226 Cod.
971 1199 1118 1227 Duaeens.
1142 1196 1206 1226 122².
1227 1200 1262 1226 A.
1283 1214 1323 1219 —
1342 1200 1426 1227 Μὶν,
1449 1208 1490 1227 ms

167 1237 350 1272 Cysoniense
371 1243 447 1265 saec.
473 1233 516 1264 16.
539 1235 611 1264 Cod.
631 1237 780 1265 Insulens.
802 1236 849 1265 37.
870 1237 904 1264 Β.

582 1387 651 1419 298.
693 1388 736 1419 De
757 1389 871 1420 sancta
891 1388 1085 1421 Katharina.

158 1469 219 1502 la.
247 1468 476 1509 Triumphanti

295 1517 395 1550 verbo
426 1518 459 1548 et
477 1516 632 1557 sanguine

246 1564 362 1598 Gaude
387 1565 464 1598 Sion

293 1614 327 1646 in
353 1617 410 1646 tua
433 1613 569 1654 virgine,

243 1662 356 1702 Regna
383 1661 498 1694 mundi

293 1719 353 1750 pro
379 1709 499 1743 Christi
524 1710 652 1742 nomine

343 1757 533 1799 Respuenti.

156 1818 220 1850 2a.
249 1816 337 1849 Nata
361 1816 453 1858 virgo

298 1874 336 1898 ex
361 1863 576 1905 Alexandria,

244 1913 332 1947 Costi
356 1913 442 1955 regis

292 1962 389 1995 unica
411 1960 490 2002 filia,

243 2011 410 2044 Divinitus

291 2060 378 2093 omni
404 2058 541 2092 scientia

338 2107 490 2151 Erudita,

151 2169 212 2202 321.
240 2167 335 2201 Istud
361 2166 517 2206 templum
542 2175 608 2199 non
633 2166 772 2208 mireris,

239 2216 291 2249 Ne
317 2216 501 2256 daemones,
528 2215 587 2247 sed
611 2215 755 2255 preceris

289 2265 390 2307 Coeli,
417 2267 525 2297 terrae
550 2263 734 2307 Dominum,

149 2327 214 2360 4a.
240 2324 314 2357 Diis
342 2323 530 2364 conjunctos
555 2324 700 2355 oratores

240 2373 360 2408 Caesar
385 2374 491 2412 vocat,
518 2373 554 2404 ut
579 2371 721 2404 victores

287 2422 487 2464 Supedirent
512 2420 680 2462 virginem,

862 1470 880 1503 1
892 1469 923 1503 b.
946 1470 1150 1503 Katharinae

994 1521 1118 1559 pangat
1141 1517 1333 1558 martyrium

946 1567 1022 1600 Pari
1049 1569 1124 1599 voto

995 1615 1110 1647 chorus
1134 1612 1280 1646 fidelium

944 1663 1058 1696 Mente
1082 1670 1167 1704 pura

996 1714 1170 1751 conceptus
1198 1710 1343 1743 cordium

1040 1759 1193 1794 Exuenti,

862 1817 920 1851 2b.
946 1817 1026 1851 Cum
1047 1818 1175 1850 videret

992 1865 1052 1898 Dis
1079 1863 1274 1898 sacrificium

945 1913 1123 1948 Offerentes

991 1963 1104 1995 turbas
1131 1962 1310 2003 gentilium,

943 2012 998 2045 Ad
1025 2020 1134 2044 eorum

992 2069 1101 2102 regern
1125 2058 1329 2092 Maxentium

1014 2109 1074 2142 Ait
1097 2108 1163 2141 ita:

859 2167 919 2202 3b.
943 2167 1020 2209 Ipse
1046 2170 1095 2200 cst
1119 2166 1208 2200 Deus
1236 2167 1379 2208 deorum,

937 2217 1120 2257 Lapsorum
1145 2224 1220 2256 spes
1247 2218 1280 2248 et
1303 2224 1432 2250 reorum

988 2265 1103 2308 Venia,
1130 2264 1188 2296 lux
1213 2264 1380 2298 luminum.

856 2323 917 2358 41).
941 2323 1007 2357 Sed
1035 2324 1205 2356 credentes
1231 2324 1362 2357 veritati

941 2373 1155 2406 Decollantur
1181 2372 1340 2414 baptizati

991 2422 1165 2464 Proprium
1190 2430 1252 2463 per
1276 2423 1475 2465 sanguinem,
