1652 2678
678 98 941 134 -111ῌ

142 197 203 230 9a.
229 195 308 235 Fac,
334 198 372 229 ut
395 196 443 228 tui
465 199 662 230 coronentur
843 196 904 231 9b.
927 196 1026 229 Trino
1050 195 1122 229 Deo
1145 199 1394 236 praesententur

228 244 273 278 Et
298 244 333 277 in
356 244 453 278 coelis
479 244 686 285 collocentur,
925 244 969 278 Et
995 253 1067 277 cum
1093 243 1221 277 Christo
1244 244 1403 276 satientur

278 292 346 327 Ubi
370 302 435 334 pax
461 296 494 325 et
517 293 637 337 gloria3
974 293 1039 325 Per
1067 295 1200 326 aeterna
1224 293 1363 325 saecula.

515 351 570 385 10.
597 352 647 385 Sit
673 355 858 385 cunctorum
885 351 1032 390 creatori,

599 400 650 433 Sit,
674 403 708 432 et
731 403 806 433 nato
829 409 907 433 suae
930 399 1025 440 proli,

601 449 649 482 Sit
675 449 840 482 amborum
866 457 958 482 sacro
982 449 1049 480 rori

646 496 743 538 Laus,
773 498 870 530 decus
896 500 928 529 et
952 496 1064 537 gloria.

227 563 300 592 Cod.
316 563 477 592 Oxoniens.
492 563 587 592 Laud.
601 564 728 592 Miscell.
751 561 819 592 240.
840 572 915 592 :aeta
938 560 984 590 12.
1007 560 1225 591 add15aee.lss.
1246 577 1283 581 —
1304 561 1355 590 5³.
1377 559 1482 589 amara

145 603 220 630 tolie
241 602 309 637 Hs.;
331 602 382 630 cfr.
405 601 543 630 Sedulius
566 603 662 630 Cal-111.
684 603 783 638 pasch.
805 602 828 635 1,
846 600 912 630 ⁴285.

590 705 652 737 140.
694 705 738 736 De
758 705 854 737 beata
872 704 976 738 Maria
997 705 1032 736 V.

147 777 165 809 1
180 786 209 810 a.
237 775 375 809 Amator
400 775 538 809 hominis
846 777 903 810 lb.
927 775 1038 810 Affata
1063 777 1175 809 nuntio

282 824 448 865 Amorque
470 833 624 866 superum
978 825 1137 865 Concepit,
1159 832 1305 868 puerum,

234 871 361 905 Mariae
387 872 530 914 Virginis
930 872 973 905 Se
997 873 1056 906 sub
1081 873 1222 914 hospitio

277 920 448 954 Fecundat
471 925 598 955 uterum
976 921 1127 954 Reclinat.
1150 922 1310 954 viscerum

328 969 404 1002 Non
431 971 537 1002 camis
562 971 656 1002 serie.
1023 970 1153 1010 Hospes
1176 970 1367 1003 munditiac.

148 1028 209 1059 2a.
238 1027 318 1061 Cum
347 1028 452 1060 sancti
479 1028 612 1069 spiritus
845 1029 904 1063 2b.
927 1028 1029 1062 Fides
1053 1028 1259 1068 respondeat,

279 1073 337 1107 Fit
366 1077 512 1116 operatio
977 1075 1012 1109 Si
1037 1075 1094 1109 fiat
1119 1076 1273 1117 quaestio.

232 1123 344 1156 Cesset.
369 1124 557 1157 concubitus
929 1123 1006 1157 Sola
1027 1122 1178 1165 sufficiat,

280 1171 390 1205 Omnis
416 1172 556 1213 suspicio
977 1172 1024 1205 Ut
1047 1173 1231 1205 sitsolutio

330 1220 403 1253 Hac
427 1221 461 1253 in
486 1221 630 1254 materie.
1023 1220 1109 1253 Huic
1134 1221 1288 1262 argutiae.

148 1279 207 1311 33..
238 1277 350 1311 Carnis
376 1277 526 1318 opificem
846 1278 906 1312 3b.
930 1277 1010 1311 Nati
1036 1278 1188 1311 divinitas

279 1325 393 1359 Puella
418 1326 552 1367 bajulat,
979 1326 1103 1367 Corpus
1131 1326 1290 1368 coagulat,

234 1372 393 1407 Naturam
421 1375 581 1416 duplicem
928 1374 1048 1408 Matris
1073 1375 1244 1416 virginitas

283 1422 389 1455 Unius
416 1425 546 1464 copulat
976 1424 1108 1456 Almum
1133 1423 1325 1464 praetitulat

331 1471 444 1505 Carnis
470 1473 529 1505 sub
555 1473 667 1513 pallio.
1024 1472 1111 1505 Miro
1138 1471 1307 1505 connubio.

141 1530 203 1562 4a.
232 1529 257 1563 Ο
282 1529 373 1571 virgo
398 1530 529 1570 pariens
845 1530 906 1565 41).
930 1529 1015 1562 Vota
1038 1530 1196 1571 suscipias

279 1578 409 1611 Patrem
446 1578 609 1620 eximium,
978 1578 1032 1611 Ad
1063 1582 1096 1611 te
1119 1578 1337 1619 clamantium,

228 1627 368 1660 Pudoris
398 1628 546 1660 nesciens
929 1626 1033 1660 Tuum
1058 1630 1095 1660 ut
1117 1626 1220 1660 facias

282 1675 382 1708 Partu
409 1676 624 1717 dispendium,
980 1675 1107 1717 Deique
1131 1675 1234 1708 filium

329 1723 484 1757 Nostrum
509 1723 679 1766 refugium.
1027 1723 1132 1757 Nobis
1156 1724 1346 1765 propitium.

227 1799 316 1829 Grau.
338 1810 391 1829 ms.
414 1809 492 1829 saec.
516 1799 560 1829 14.
583 1800 654 1830 Cod.
676 1800 836 1830 Oxoniens.
858 1800 985 1830 Miscell.
1007 1801 1123 1837 Liturg.
1149 1798 1216 1829 357.

592 1895 654 1928 147.
695 1895 738 1929 De
757 1897 856 1930 beata
877 1896 981 1929 Maria
1002 1896 1036 1928 V.

146 1968 202 2001 la.
230 1967 411 2002 Benedicta
849 1970 907 2005 lb.
934 1970 998 2004 Per
1021 1978 1116 2010 quam
1142 1968 1230 2002 victa

278 2015 328 2049 Sit
354 2017 436 2050 cella
461 2017 650 2060 munditiae,
979 2018 1208 2058 Persequentis
1234 2017 1303 2050 acie

277 2064 354 2098 Dux
378 2066 461 2109 viae,
976 2066 1047 2100 Nos
1071 2066 1126 2108 pie

277 2113 403 2155 Regina
426 2116 563 2156 patriae,
979 2115 1111 2149 Solatur
1133 2115 1232 2148 hodie

277 2162 388 2196 Mater
411 2164 498 2205 regis
523 2165 646 2206 gloriae
978 2164 1084 2197 Dator
1108 2163 1339 2206 indulgentiae.

140 2228 202 2255 fla.
230 2222 256 2256 O
283 2221 468 2263 singularis,
845 2223 906 2259 2h.
931 2224 956 2258 Ο
983 2223 1080 2256 stella
1105 2222 1215 2264 maris,

229 2271 318 2311 Quae
343 2269 530 2304 fecundaris
927 2273 1015 2313 Quae
1040 2273 1140 2305 solem
1153 2271 1254 2312 paris.

227 2320 274 2354 Et.
302 2321 403 2354 maris
931 2322 1033 2362 Quam
1061 2320 1144 2354 clari

227 2369 302 2403 Non
327 2370 514 2403 attrectaris
927 2369 1128 2404 Illuminaris

277 2419 404 2460 Cupitis
429 2418 644 2460 amplexibus.
978 2420 1086 2461 Ipsius
1110 2419 1351 2462 splendoribus.
