1652 2678
176 333 232 367 la.

176 488 236 521 2a‚

175 643 234 676 3a.

173 798 233 831 4a.

174 953 234 985 5a.

173 1204 232 1238 6a.

175 1359 231 1391 7a.

172 1513 230 1547 8a.

172 1669 229 1701 9a.

147 1823 229 1856 10a.

146 1978 187 2012 11
199 1987 229 2012 a.

144 2134 227 2168 12a.

687 129 955 166 —245—

574 253 644 286 324.
684 254 729 286 De
750 255 864 288 sancta
883 255 1082 297 Margareta.

261 334 438 375 Virginalis
463 336 570 376 gaude
596 336 722 380 chorus,

261 383 362 422 Quem
388 383 493 416 virilis
517 385 660 417 nondum
677 385 791 417 thorus

306 430 402 464 Casto
426 432 524 464 laesit
547 433 681 476 gremio,

266 488 371 522 Carne
393 490 516 523 munda
542 494 733 524 conservata

261 536 392 570 Summo
418 539 530 579 nupsit
553 539 682 571 illibata

309 586 435 627 sponso
460 586 524 619 Dei
547 586 624 631 filio,

262 643 374 684 Stirpe
399 644 489 677 clara
513 647 687 685 procreata

259 691 322 724 Est
345 692 466 724 nutrici
492 692 717 725 commendata

306 739 489 772 Educanda
513 740 632 781 studio,

260 798 401 830 Formae
423 799 531 831 vultus
561 799 764 839 collaetatur,

258 845 396 888 Nomen,
423 855 523 888 genus
549 847 734 879 sciscitatur

308 895 433 935 Optans
458 895 544 927 hanc
569 895 737 936 conjugio;

261 951 378 984 Multis
402 953 488 985 hanc
511 952 682 986 blanditiis

260 1001 397 1033 Praeses
424 1004 457 1033 et
483 1001 607 1034 divitiis

306 1049 485 1082 Immutare
509 1049 645 1090 studuit,

307 1097 408 1130 Nullo
429 1099 538 1130 tamen
562 1097 671 1138 potuit

357 1145 456 1178 Suavi
483 1146 652 1186 colloquio.

260 1203 389 1236 Cultum
415 1203 540 1243 sprevit,
563 1203 726 1235 idolorum

258 1251 329 1284 Nec
354 1260 390 1284 se
414 1260 497 1284 vano
521 1251 757 1292 promissorum

307 1299 458 1333 Credidit
481 1299 659 1340 impendio,

259 1357 380 1398 Flagro
405 1367 481 1390 mox
505 1358 655 1398 pectineo

259 1404 424 1447 Caeditur,
453 1406 589 1447 equuleo

305 1454 413 1486 Datur
436 1463 498 1495 pro
520 1453 702 1495 supplici03

258 1513 356 1553 Aqua
381 1512 478 1553 pleno
504 1512 673 1555 mergitur,

257 1560 350 1593 Nihil
374 1563 484 1593 tamen
509 1561 664 1602 laeditur,

304 1610 495 1650 Margareta
522 1609 619 1652 dolio,

257 1667 479 1707 Triumphalis
505 1667 654 1708 agonista

257 1715 426 1748 Patienter
451 1714 560 1747 ferens
585 1717 652 1748 ist-a

305 1763 401 1796 Vitae
426 1773 487 1804 pro
514 1763 689 1806 stipendio,

256 1821 356 1854 Ensis
382 1822 515 1854 tandem
543 1821 737 1862 dominatur,

256 1870 383 1903 Judicis
411 1870 488 1903 dum
514 1873 711 1910 aspernatur

303 1918 410 1960 Dirigi
437 1918 582 1960 consilio,

257 1978 282 2011 O
310 1977 407 2010 beata
430 1976 631 2019 Margareta,

253 2027 454 2068 Angelorum
479 2026 556 2066 quia
580 2026 647 2058 leta

302 2075 350 2107 Te
376 2074 522 2115 suscepit
544 2074 639 2119 legio,

257 2133 361 2173 Opem
386 2132 510 2174 praebe
537 2132 720 2173 desperat-is

250 2182 297 2215 Et
321 2182 478 2223 languore
502 2183 727 2222 praegravatis

301 2230 421 2264 Mortis
445 2231 479 2262 in
506 2228 655 2271 confinio,

879 336 935 372 lb.

876 491 940 525 2b.

877 645 936 679 3b.

875 798 934 833 4b.

876 953 935 987 5b.

875 1204 934 1237 6b.

875 1357 935 1391 7b.

872 1512 932 1547 8b.

871 1667 933 1702 9b.

847 1821 932 1856 10b.

847 1975 932 2011 11b.

846 2132 929 2167 12b.

957 338 1021 371 Pro
1049 340 1196 370 consorte
1220 337 1417 380 Margareta,

959 386 1130 418 Trinitatis
1158 386 1209 418 cui
1234 388 1360 418 secreta

1009 434 1085 468 Jam
1108 434 1231 466 relucet
1255 434 1342 467 unio.

963 492 1003 524 In
1028 501 1090 532 quo
1116 500 1246 532 semper
1272 491 1454 524 delectatur

958 539 1004 572 Et
1025 539 1145 581 ubique
1171 540 1342 572 comitatur

1009 588 1137 621 Intacto
1165 588 1314 629 vestigio.

961 644 1101 686 Gregem
1127 646 1216 686 cujus
1242 644 1356 678 fovens
1382 649 1480 685 pastu

960 695 992 727 A
1016 693 1183 735 praefecto
1210 694 1306 734 pleno
1330 692 1418 726 fastu

1009 742 1147 782 Cupitur
1172 742 1317 783 Olybrio.

959 799 1133 842 Christum,
1159 800 1275 840 inquit,
1302 798 1463 837 adamavi,

960 847 1060 880 Sacro
1087 848 1177 888 cujus
1203 848 1373 889 subjugavi

1007 896 1124 929 Totam
1147 905 1199 928 me
1223 896 1375 928 dominio.

957 953 1084 994 Raptus
1110 962 1186 994 ergo
1212 952 1307 996 furia,

958 1002 1102 1042 Moxque
1126 1002 1205 1036 Sion
1229 1000 1298 1034 filia

1007 1051 1147 1084 Carcere
1171 1049 1362 1088 recluditur,

1008 1098 1176 1139 Occurrat,
1203 1097 1416 1138 praecipitur,

1056 1146 1130 1179 Diis
1155 1145 1326 1178 sacrificio.

957 1203 1013 1236 Illi
1038 1204 1178 1244 spondet
1202 1204 1299 1236 thura
1326 1203 1415 1242 dare,

958 1252 1059 1292 Quem
1071 1252 1263 1284 tremiscunt
1275 1251 1384 1292 tellus,
1401 1259 1490 1283 mare

1003 1300 1050 1332 Et
1074 1300 1206 1340 quaevis
1231 1299 1416 1340 plasmatio.

961 1358 1105 1399 Virgulis
1132 1358 1285 1390 atteritur

958 1405 1070 1439 Saevis
1097 1409 1130 1438 et
1154 1404 1313 1446 affligitur

1007 1454 1187 1495 Lampadis
1207 1453 1370 1486 incendio.

959 1512 1067 1545 Draco
1093 1515 1197 1552 vorat,
1224 1511 1395 1552 scinditur,

954 1561 1011 1594 Illi
1038 1561 1114 1594 dum
1141 1560 1330 1593 conceditur

1003 1609 1133 1642 Inimici
1157 1609 1251 1643 visio.

955 1667 1075 1700 Mortis
1103 1667 1172 1710 ejus
1197 1667 1377 1699 recolentes

953 1715 1001 1749 Ut
1024 1716 1182 1748 immunes
1210 1715 1415 1757 decedentes,

1003 1763 1093 1805 Orat,
1120 1764 1187 1796 sint
1210 1773 1231 1796 a
1253 1763 1346 1796 vitio.

958 1821 1064 1862 Caput
1090 1822 1159 1862 ejus
1185 1823 1382 1862 amputatur,

955 1869 1069 1902 Lictor
1094 1870 1184 1902 coelo
1211 1869 1389 1902 collocatur

1002 1918 1146 1959 Virginis
1173 1917 1337 1959 suffragio.

955 1976 1034 2009 Tuis
1061 1976 1145 2009 caris
1170 1976 1266 2017 placa
1290 1976 1397 2009 Deum

954 2025 1000 2058 Et
1023 2033 1065 2057 ne
1089 2024 1157 2057 labi
1182 2025 1270 2057 sinas
1295 2034 1388 2057 reum

1002 2073 1144 2107 Perenni
1171 2073 1355 2114 dispendio.

951 2133 1003 2166 De
1028 2131 1091 2164 hac
1118 2131 1185 2164 vita
1211 2131 1288 2164 dum
1313 2140 1478 2172 vocamur,

953 2182 1033 2224 Fae,
1061 2183 1100 2213 ut
1121 2180 1168 2213 ibi
1192 2179 1402 2221 perfruamur

1003 2229 1209 2270 Sempiterno
1236 2229 1367 2270 gaudio.

217 2319 304 2347 Miss.
325 2327 380 2346 ms.
400 2317 432 2349 S.
453 2317 590 2346 Floriani
610 2318 656 2346 XI
676 2315 733 2346 389
755 2327 833 2347 saec.
856 2316 901 2346 14.
923 2318 960 2346 A.
988 2332 1026 2337 —-
1050 2317 1137 2345 Miss.
1158 2325 1214 2344 ms.
1235 2315 1264 2344 S.
1285 2317 1423 2344 Floriani
1442 2315 1488 2344 XI

137 2355 195 2387 391
217 2366 295 2387 saec.
319 2355 363 2386 14.
385 2358 420 2386 B.
441 2373 480 2377 -
499 2357 584 2385 Miss.
606 2366 660 2386 ms.
681 2357 713 2386 S.
732 2357 869 2386 Floriani
888 2357 936 2385 ΙΠ
956 2354 1012 2384 221
1035 2365 1113 2385 saec.
1136 2353 1181 2383 14.
1203 2354 1233 2383 C.
1255 2371 1295 2375 —
1316 2353 1369 2390 3a,
1390 2353 1409 2383 2
1429 2355 1488 2383 Est:

137 2398 265 2426 nutricis
286 2397 322 2426 A.
346 2413 384 2418 ——
405 2395 460 2432 5b,
482 2394 501 2424 2
521 2396 717 2426 Patriarchae
737 2396 802 2425 filia
820 2397 856 2425 A.
878 2411 915 2416 —
937 2394 990 2431 810,
1014 2394 1029 2424 1
1050 2396 1150 2424 Draco
1169 2403 1280 2423 vorans
1301 2395 1335 2423 B.
