1652 2678
713 109 758 114 —
810 88 881 124 303
929 109 979 113 —

644 181 710 214 401.
751 182 796 215 De
816 182 926 215 sancto
946 183 1037 215 Rufo.

172 260 233 294 la.
259 260 316 293 Ad
341 261 498 294 honorem
524 261 730 304 confessoris,
879 264 939 298 1b.
961 264 1026 297 Hic
1050 263 1155 297 Rufus
1182 266 1232 296 est
1256 268 1471 306 nuncupatus,

260 308 394 342 Ordinis
420 310 525 343 nostri
551 311 703 352 auctoris,
962 313 1024 347 Cui
1048 317 1160 346 noster
1183 315 1374 353 patronatus

258 355 433 390 Excitetur
457 367 522 390 vox
549 359 691 392 cantoris
961 361 993 394 A
1019 361 1148 394 Christo
1173 361 1253 394 Jesu
1279 361 1414 393 collatus

309 406 350 438 In
376 408 446 448 ejus
476 407 642 441 solemnio.
1010 409 1091 442 Fuit
1113 408 1147 441 in
1172 408 1346 451 principio.

174 464 234 496 2a.
262 463 328 495 Hic
351 463 457 497 Rufus
482 464 632 497 reficiens
880 466 940 500 ab.
962 466 1028 499 Hic
1052 467 1139 500 vitae
1162 466 1355 508 probabilis,

260 512 383 545 Fertur
408 521 473 545 non
499 513 643 546 esuriens
957 515 1142 549 Doctrinae
1169 515 1339 554 mirabilis,

261 559 428 601 Splendor
451 560 643 594 indeficiens
962 562 1106 596 Refulsit
1129 563 1303 603 miraculis,

310 609 351 642 In
377 618 435 642 suo
462 609 628 643 coenobio.
1012 611 1166 644 Testatur
1190 611 1327 644 Avenio.

174 668 235 700 3a.
263 667 399 700 Honore
420 666 630 709 pontificatus
881 667 940 703 3b.
964 669 1027 702 Hic
1050 666 1216 701 confessor
1239 667 1298 701 flos
1325 672 1374 701 est
1391 667 1515 710 florum,

262 713 344 747 Fuit
369 716 432 748 iste
457 715 659 757 sublimatus,
962 716 1037 750 Lux
1049 716 1225 758 refulgens
1244 725 1370 758 gemma
1381 726 1517 760 morum,

262 763 294 795 A
319 763 392 796 Deo
417 762 640 796 sanctificatus
965 765 1092 797 Titulus
1119 764 1363 806 Canonicorum,

310 811 390 844 Fuit
413 812 449 844 in
472 810 592 845 officio.
1012 814 1163 854 Ipsorum
1187 811 1333 848 refecti0.

173 871 237 904 49..
265 869 450 903 Virtutibus
472 868 583 902 floruit
880 869 943 904 4b.
965 870 1030 903 Hic
1056 868 1221 903 confessor
1246 871 1365 911 gaudia

263 918 310 951 Et
335 918 484 958 exemplo
508 918 686 960 splenduit,
965 919 1119 952 Possidet
1146 919 1307 959 coelestia,

265 965 420 1000 Subditos
447 966 578 999 edocuit
965 966 1050 999 Nam
1075 966 1192 1000 vitavit
1215 967 1296 999 vitia

317 1014 397 1048 Cum
421 1014 545 1056 ingenti
569 1015 689 1049 studio.
1014 1016 1046 1047 A
1071 1023 1128 1048 suo
1154 1014 1345 1055 primordio.

178 1073 240 1106 5a.
268 1072 388 1105 Sancte
411 1071 509 1113 Rufe,
536 1075 570 1104 te
596 1073 748 1114 colentes,
883 1071 942 1106 5b.
968 1072 1069 1105 Serve
1093 1072 1157 1105 Dei
1183 1074 1214 1103 et
1239 1070 1416 1112 confessor,

265 1121 352 1153 Tuos
379 1121 440 1154 tibi
466 1121 656 1161 servientes,
966 1120 1093 1154 Ductor
1117 1122 1228 1152 noster
1253 1124 1286 1152 et
1311 1119 1474 1163 defensor,

266 1169 438 1210 Regimine
461 1169 664 1209 poenitentes
969 1168 1020 1202 Sis
1044 1178 1105 1209 pro
1129 1167 1223 1200 nobis
1249 1169 1445 1201 intercessor

315 1217 471 1250 Guberna
494 1217 528 1249 in
554 1218 683 1259 gaudio.
1017 1218 1134 1251 Coram
1157 1215 1221 1248 Dei
1245 1215 1326 1251 filio.

256 1284 343 1312 Miss.
365 1283 395 1312 S.
416 1281 486 1312 Rufi
506 1284 578 1319 imp.
599 1282 760 1311 Valentiae
781 1280 866 1311 1508.

654 1396 727 1428 402.
768 1396 813 1428 De
833 1396 942 1428 sancto
963 1395 1054 1428 Rufo.

174 1479 234 1512 la.
261 1479 345 1518 Ave,
375 1486 501 1519 gemma
526 1475 759 1517 confessorum,
882 1476 941 1510 1b.
966 1476 1064 1509 Salve
1088 1476 1270 1509 sanctitatis
1296 1485 1381 1519 rosa,

261 1527 414 1560 Lucerna
440 1525 686 1566 Canonicorum,
966 1525 1084 1558 Mundi
1106 1526 1232 1565 lampas
1257 1524 1429 1566 luminosa,

308 1575 406 1607 Alme
431 1572 518 1607 Rufe
542 1572 704 1615 pontifex,
1015 1573 1146 1606 Cunctis
1173 1576 1242 1606 esto
1269 1571 1390 1614 opifex,

176 1634 236 1666 2a.
264 1631 392 1673 Gaude,
418 1634 513 1673 pater
537 1631 681 1672 pietatis,
883 1631 942 1664 2b.
965 1632 1053 1664 Vale
1078 1631 1204 1672 fulgens
1232 1640 1340 1663 coram
1366 1631 1440 1671 ollo,

263 1679 415 1714 Summae
439 1679 530 1712 sidus
554 1680 734 1712 honestatis
965 1680 1031 1713 Pro
1057 1690 1119 1721 quo
1145 1682 1240 1720 pater
1266 1688 1395 1711 crucem
1422 1679 1505 1712 collo

312 1729 464 1761 Rutilans
489 1727 524 1759 in
549 1727 662 1770 gloria,
1015 1728 1106 1761 Tulit
1131 1736 1203 1760 cum
1232 1728 1391 1768 angustia.

177 1787 239 1821 3a.
264 1787 296 1819 A
323 1786 454 1820 Christo
481 1783 572 1817 fuisti
597 1788 733 1826 tractus,
882 1785 940 1819 3b.
963 1785 1012 1818 Te
1036 1794 1198 1828 rogamu5‚
1223 1787 1261 1817 ut
1284 1786 1452 1818 trahamur

263 1834 338 1868 Non
363 1835 397 1868 vi
422 1834 481 1868 sed
507 1842 617 1866 amore
643 1836 756 1875 captus
964 1834 1020 1867 Ad
1047 1835 1151 1875 illum,
1178 1842 1273 1875 quem
1297 1842 1490 1867 veneramur

311 1883 435 1926 Agnita
458 1882 645 1923 prudentia,
1015 1882 1123 1917 Corde
1147 1884 1181 1915 et
1204 1884 1313 1915 mente
1334 1883 1399 1924 pia.

172 1944 234 1977 4a.
259 1942 343 1975 Esto
370 1941 476 1982 nobis
502 1940 635 1981 praesul
660 1940 724 1982 pie,
879 1939 941 1975 4b.
963 1940 1066 1973 Tutus
1094 1941 1210 1974 ductor
1232 1939 1320 1973 vitae
1344 1941 1418 1974 viae

257 1991 360 2032 Apud
386 1990 490 2024 filium
514 1988 643 2022 Mariae
963 1988 1015 2022 Sis
1039 1990 1134 2023 nobis
1158 1991 1254 2021 nocte
1280 1991 1312 2021 et
1338 1990 1391 2023 die

311 2039 427 2073 Custos
451 2039 486 2071 in
513 2038 700 2080 certamine,
1010 2038 1118 2071 Dante
1143 2040 1255 2070 sancto
1280 2036 1420 2072 fiamine.

248 2107 335 2135 Miss.
358 2107 389 2136 S.
409 2104 479 2135 Rufi
498 2106 570 2142 imp.
591 2103 752 2133 Valentiae
774 2101 859 2133 1508.
880 2121 918 2125 -
938 2102 994 2139 2b,
1018 2103 1034 2133 1
1056 2114 1157 2134 coram
1176 2104 1239 2133 illo.

612 2217 684 2250 403.
726 2218 770 2250 De
792 2219 902 2251 sancto
923 2218 1085 2251 Sanctino.

172 2302 231 2337 la.
260 2302 371 2337 Corde
395 2310 489 2344 puro,
516 2302 624 2334 mente
648 2299 771 2336 munda¹
878 2300 942 2336 ib.
964 2300 1078 2334 Sancti
1102 2300 1264 2342 praesulis
1291 2300 1436 2335 Sanctini

256 2351 449 2386 Moduletur
473 2359 538 2384 vox
560 2349 707 2391 jucunda
961 2350 1009 2383 Et
1032 2350 1112 2383 socii
1138 2349 1296 2383 Antonini

306 2400 458 2435 Gloriosa
482 2399 660 2441 praeconia
1007 2397 1088 2432 Pari
1115 2399 1348 2434 convenientia.
