1652 2678
713 99 954 135 —43-

169 196 231 229 4a.
257 195 325 229 Sub
350 197 414 230 hae
438 194 544 229 forma
567 198 680 232 visitat
871 198 932 232 4b.
953 199 994 232 In
1018 199 1081 232 hac
1102 197 1169 232 fide
1195 198 1344 239 cespitat,

255 244 367 278 Justos
393 246 426 278 et
450 245 613 279 inhabitat
956 247 1017 287 Qui
1041 247 1206 280 mundana
1231 247 1352 289 cogitat

304 291 401 327 Valle
425 295 548 327 nostra.
1003 296 1108 331 Carne
1136 298 1276 336 sumpta.

172 352 228 384 5a.
257 351 323 385 Sed
347 351 431 385 fides
456 352 651 396 ingreditur,
874 354 933 389 5b.
956 354 1027 387 Nec
1055 358 1191 387 naturae
1216 353 1334 395 studio,

256 399 383 433 Caritas
408 400 627 441 amplectitur,
955 402 1027 435 Nec
1051 403 1131 435 artis
1155 401 1294 444 ingenio,

256 448 353 482 Ratio
380 449 582 482 convincitur
957 451 1024 484 Sed
1054 451 1125 484 Deo
1147 452 1236 482 stant
1259 451 1366 483 medio

305 497 390 530 Esse
414 505 520 530 caeca.
1005 499 1098 532 Haec
1121 499 1301 539 praedicta.

172 555 230 588 ea.
259 555 381 589 Christi
406 556 572 596 mysteria,
876 556 934 591 6b.
954 555 1056 590 Panis
1082 556 1262 590 substantia

257 603 332 636 Vim
358 606 391 636 et
414 603 578 643 magnalia
958 605 1033 639 Non
1058 609 1108 638 est
1130 605 1166 637 in
1188 605 1296 638 hostia

306 651 370 684 Cur
394 660 458 684 non
482 652 598 683 metuit
1006 652 1071 687 Sed
1097 662 1192 695 quem
1216 654 1327 694 genuit

355 708 433 741 gens
458 698 602 731 misera?
1052 710 1224 743 puerpera.

246 776 366 803 Prosar.
394 784 448 803 ms.
469 775 612 804 Gulielmi
634 776 729 805 Lovel
758 778 830 805 anni
859 775 943 806 1572.
969 778 1040 806 Cod.
1061 778 1253 806 Ambianens.
1278 775 1342 807 132.
1421 777 1507 807 Mel„-

169 814 392 843 Laetabundus.

615 917 662 949 52.
704 918 747 950 De
770 917 903 959 Corpore
924 918 1051 951 Christi.

170 989 224 1022 la.
254 988 380 1030 Gaude,
404 988 494 1029 Sion,
520 991 553 1021 et
576 989 710 1031 laetare,
872 990 930 1024 lb.
954 990 1099 1024 Genitori
1124 991 1309 1032 jubilemus,

251 1036 342 1070 Leva
365 1045 488 1078 vocem,
517 1046 572 1070 cor
594 1039 764 1082 mundare,
953 1038 1105 1072 Sanctum
1118 1048 1256 1079 pneuma
1268 1040 1504 1080 praedicemuS,

249 1085 336 1118 Dum
361 1087 520 1126 parantur
545 1086 588 1118 ad
612 1087 717 1119 altare
955 1086 1069 1120 Gratia
1094 1097 1228 1129 quorum
1254 1088 1410 1121 habemus

298 1134 361 1166 Dei
391 1132 561 1167 sacrificia.
1003 1135 1166 1169 Christum
1189 1136 1224 1169 in
1249 1138 1443 1177 praesentia.

167 1194 226 1225 Za.
253 1193 293 1225 In
320 1193 449 1226 deserto
474 1201 594 1225 manna
614 1193 710 1234 pluit,
868 1192 927 1226 ab.
950 1194 1044 1226 Istud
1068 1203 1187 1226 manna
1213 1193 1359 1227 Christus
1384 1193 1456 1235 fuit,

252 1241 346 1282 Quod
370 1241 461 1273 velut
480 1249 556 1272 rosa
581 1241 692 1281 paruit
953 1241 1053 1281 Quem
1077 1242 1169 1282 virgo
1193 1251 1278 1282 pura
1302 1243 1422 1284 genuit.

251 1289 297 1321 Et
320 1289 553 1321 nutrimentum
577 1289 731 1329 praebuit
954 1289 1080 1323 Mundo
1105 1290 1206 1323 vitam
1230 1291 1373 1323 restituit

300 1337 418 1378 Lapsis
443 1337 474 1369 in
502 1337 650 1377 penuria.
1005 1338 1091 1371 Vera
1117 1337 1222 1370 factus
1250 1339 1365 1372 hostia.

167 1395 225 1428 3a.
257 1395 406 1436 Seipsum
432 1395 499 1427 suis
525 1395 664 1429 tradidit
872 1395 931 1431 31).
955 1396 1184 1429 Praedicemus
1211 1405 1287 1438 ergo
1313 1399 1434 1437 natum,

254 1443 467 1485 Christusque
491 1443 590 1476 morti
615 1444 774 1484 subdidit,
953 1444 1001 1478 Ut
1024 1454 1085 1486 per
1108 1446 1215 1485 ipsum
1240 1445 1333 1477 nobis
1361 1446 1472 1479 datum

249 1491 302 1525 Ne
325 1493 490 1533 perderet,
518 1501 598 1533 quos
625 1493 782 1533 condidit,
954 1493 1005 1527 Sit
1030 1493 1153 1526 cunetis
1179 1502 1312 1535 regnum
1338 1497 1488 1535 paratum

298 1542 403 1575 Facta
432 1543 508 1572 sunt
537 1541 619 1573 haec
644 1542 760 1575 omnia.
1004 1543 1044 1575 In
1066 1542 1199 1575 coelesti
1224 1543 1342 1583 patria.

243 1618 330 1646 Brev.
358 1627 412 1646 ms.
433 1617 616 1646 Fiscanense
642 1626 720 1646 saec.
742 1616 787 1646 14.
811 1615 881 1645 God.
903 1618 1116 1655 Rotomagens.
1138 1616 1204 1646 205.
1287 1618 1425 1647 Officium
1452 1619 1513 1648 und

168 1654 270 1723 {iesse
296 1656 333 1685 de
362 1657 493 1694 Corpore
522 1656 637 1685 Christi
663 1653 897 1694 zugeschrieben
924 1665 1002 1685 saec.
1033 1656 1077 1686 14.
1102 1673 1142 1678 ——
1160 1658 1231 1686 Mel.
1259 1658 1353 1686 wohl:
1381 1659 1513 1687 Verbum

192 1704 289 1723 onum.

576 1788 623 1820 53.
659 1789 701 1821 De
722 1788 1019 1830 [transfiguratione
1042 1789 1101 1821 DN.

172 1861 229 1894 la.
257 1859 326 1892 Nos
350 1862 420 1892 toto
447 1860 615 1892 conamine
877 1859 934 1895 lb.
958 1861 1020 1901 Qui
1039 1863 1191 1894 manente
1216 1861 1345 1895 homine

254 1909 368 1943 Jesum
395 1908 490 1941 decet
515 1909 659 1941 carmine
955 1910 996 1942 In
1019 1909 1138 1942 montis
1165 1911 1329 1944 cacumine

254 1957 308 1991 Ex
332 1966 392 1990 sua
418 1956 592 1990 dulcedine
958 1957 1070 1991 Voluit
1095 1957 1297 1992 clandestine

302 2005 472 2039 Venerari.
1005 2004 1248 2039 Transformari

170 2066 228 2098 2a.
258 2065 375 2099 Coram
400 2064 504 2097 tribus
530 2064 667 2098 testibus
873 2065 933 2099 2b.
956 2065 1002 2098 Et
1028 2065 1153 2099 duobus
1181 2066 1307 2100 vatibus

256 2113 295 2146 In
321 2122 419 2146 carne
443 2113 628 2147 viventibus
957 2114 1029 2148 Illis
1054 2115 1298 2156 apparentibus,

254 2163 294 2195 In
319 2161 467 2195 candidis
493 2162 638 2195 vestibus
955 2163 1044 2197 Hinc
1070 2168 1103 2197 et
1126 2163 1204 2196 inde
1230 2165 1391 2198 stantibus

305 2210 402 2244 Claro
426 2210 530 2251 vultu,
1003 2212 1091 2245 Miro
1117 2212 1215 2247 cultu.

169 2272 189 2305 3
202 2279 231 2303 a.
257 2269 354 2303 Nube
377 2269 474 2302 tectis
499 2269 630 2303 modica
873 2270 935 2306 ssb.
957 2270 1023 2303 Hic
1042 2270 1140 2313 filius,
1159 2272 1282 2305 coelica

255 2320 328 2352 Vox
352 2318 458 2360 patris
486 2317 601 2351 deifica
957 2319 1041 2361 Lux,
1067 2319 1181 2353 mundi
1207 2330 1281 2362 spes
1307 2323 1412 2365 unica,

256 2368 378 2401 Tonuit
402 2366 547 2401 terrifica
957 2368 1077 2401 Plenus
1108 2371 1159 2402 est
1181 2369 1337 2413 theorica,

303 2417 426 2451 Dicens
451 2417 531 2449 rite:
1005 2417 1102 2450 Hunc
1127 2418 1248 2452 audite.
