1652 2678
775 105 1012 141 —15-

222 202 277 234 8a.
305 201 389 235 Solis
413 202 522 234 lumen
546 201 633 234 nube
658 205 779 235 tectum

304 248 446 282 Nostrae
470 249 565 282 uubis
589 248 628 282 fit
652 250 815 290 objectum

354 297 425 329 Nec
449 297 547 330 hebet
571 298 602 330 in
629 298 768 338 lumine3

921 203 980 236 8b.
1003 199 1208 235 Indefectum
1236 201 1293 233 dat
1318 200 1477 243 effectum,

1004 248 1160 282 Nostrum
1185 251 1300 290 vergat
1316 249 1360 282 ad
1376 248 1560 290 profectum

1052 296 1107 329 Sol
1133 300 1223 330 ortus
1251 297 1292 330 de
1316 297 1454 339 virgine.

296 372 381 400 Miss.
403 372 645 400 Praedicatorum
666 374 737 409 imp.
757 373 893 401 Venetiis
916 371 1001 401 1523.
1027 388 1059 391 —
1082 372 1145 400 Das
1166 381 1261 410 ganze
1281 370 1369 408 Lied,
1393 383 1450 402 vor
1470 374 1561 402 aliem

221 411 348 447 stropho-
367 407 421 444 3b,
443 412 574 439 erinnert
593 419 632 438 an
653 411 706 439 das
723 411 903 448 geistreiehe
917 410 1046 440 Gedieht
1058 410 1110 439 des
1124 411 1238 439 Alanus
1254 412 1292 440 ab
1306 412 1430 447 Insulis,
1451 412 1560 441 dessen

219 448 380 476 Rundreim
406 450 460 477 ist:
488 449 524 477 In
550 449 608 477 hac
633 450 718 478 verbi
738 449 848 485 copula
867 449 975 486 Stupet
995 450 1092 478 omnis
1113 450 1227 486 regula.
1268 450 1326 478 Str.
1348 451 1365 478 7
1386 451 1488 479 macht
1508 452 1559 480 bei

219 487 270 514 der
292 488 443 523 senstigen
462 487 735 524 Formvollendung
755 488 823 515 sehr
844 488 902 516 den
921 487 1079 517 Eindruck
1100 489 1183 516 einer
1202 489 1431 526 Interpolation.

687 600 723 632 ll.
763 600 799 632 In
819 600 998 634 Nativitate
1018 600 1075 633 DN.

217 680 274 712 1a.
301 678 510 713 Exsultemus
536 680 633 714 hodie

348 727 403 760 Ad
428 729 599 768 praeclara
622 730 742 771 gaudia

215 785 272 816 2a.
299 783 384 816 Wam
413 784 559 819 Christus
584 788 748 829 apparuit,

300 832 400 871 Quem
425 834 533 867 Maria
558 836 667 877 genuit

346 880 391 913 Et
415 882 536 922 puella.

217 938 273 971 3a.
302 938 390 976 Quae
417 939 585 973 descendit

348 986 388 1018 ab
414 986 485 1020 Eoo
511 989 653 1030 cardine,

350 1033 460 1067 Geniti
487 1036 527 1068 de
551 1037 678 1079 virgine

395 1082 452 1115 Fit
475 1093 644 1127 praesaga.

213 1141 271 1173 4a.
299 1139 355 1172 Ad
381 1142 530 1174 custodes
555 1152 688 1185 gregum
714 1144 776 1177 fuit

346 1191 379 1219 et
404 1192 515 1222 cantus
541 1192 743 1234 symphonia,

213 1247 273 1279 5a.
300 1245 404 1278 Stella
426 1255 536 1287 magos
561 1249 722 1288 invitavit,

344 1302 426 1333 quae
450 1304 515 1327 non
540 1296 624 1329 luxit
647 1301 754 1339 antea,

211 1352 268 1385 6a.
294 1351 478 1384 Δάοι-6111115
503 1361 612 1394 regem
637 1358 747 1388 natum

294 1400 333 1432 In
359 1401 512 1442 praesepi
537 1401 728 1437 collocatum

345 1447 410 1481 Sed
435 1448 615 1490 cingentem
641 1452 758 1494 onmia,

918 683 976 717 lb.
1001 683 1071 716 Nec
1095 684 1175 716 odas
1199 684 1346 718 laetitiae

1049 732 1168 765 Deleat
1192 732 1337 767 tristitia.

915 790 975 825 2b.
999 790 1098 831 Virgo
1124 790 1251 831 prolem
1276 791 1382 824 edidit

999 838 1069 872 Nee
1093 839 1252 879 pudorem
1278 840 1436 884 perdidit,

1046 886 1134 919 Ecce
1159 887 1265 931 stella,

914 944 971 978 3b.
995 944 1094 984 Cujus
1120 944 1199 977 satis

1047 992 1135 1025 claro
1161 993 1348 1026 rutilamine

1045 1040 1177 1073 Renitet
1202 1050 1242 1074 ex
1267 1042 1383 1075 ordine

1096 1089 1245 1122 Bethlem
1269 1091 1376 1132 plaga.

911 1146 971 1180 4b.
996 1145 1086 1180 Coeli
1112 1147 1199 1180 cives
1226 1151 1346 1181 canunt
1370 1148 1441 1182 Deo

1042 1194 1077 1226 in
1103 1196 1240 1229 excelsis
1266 1197 1379 1237 gloria.

911 1252 970 1286 5b.
992 1251 1081 1285 Hinc
1104 1256 1264 1297 pastores,
1291 1254 1369 1287 hinc
1393 1258 1426 1287 et
1449 1256 1536 1297 magi

1044 1303 1178 1333 currunt
1202 1302 1245 1334 ad
1270 1304 1452 1344 praesepia.

910 1360 930 1392 6
937 1358 968 1391 b.
991 1359 1114 1391 Demus
1121 1359 1374 1401 myirham‚thus
1381 1363 1413 1393 et
1422 1371 1547 1404 amum,

994 1406 1091 1440 Illum
1116 1415 1325 1447 personemus
1351 1409 1483 1451 trinum,

1043 1454 1150 1488 Unum
1174 1455 1209 1488 in
1236 1457 1387 1490 essentia.

643 1510 674 1544 7.
703 1509 762 1543 Cui
787 1511 830 1544 sit
854 1513 925 1545 laus
952 1517 985 1547 et
1008 1513 1114 1553 gloria

705 1558 743 1591 In
767 1568 981 1600 supernorum
1008 1561 1107 1594 curia.

284 1631 372 1666 Trop.
399 1639 453 1658 ms.
482 1632 696 1662 Gameraeense
722 1643 798 1663 saec.
826 1633 902 1664 1⁰l11.
932 1636 1003 1665 Cod.
1033 1636 1237 1667 Cameracens.
1264 1637 1303 1667 79
1331 1639 1365 1667 A.
1394 1655 1432 1659 —
1458 1641 1548 1678 Trop-

209 1677 262 1697 ms.
284 1668 498 1698 Cameracense
517 1679 595 1699 saec.
616 1671 692 1700 ¹¹112.
715 1673 785 1702 Cod.
808 1674 1015 1705 Cameracens.
1037 1675 1072 1704 61
1093 1677 1127 1705 B.

678 1785 720 1817 12.
761 1786 796 1818 In
817 1787 993 1820 Nativitate
1012 1787 1073 1821 DN.

209 1863 264 1896 la.
293 1862 411 1896 Grates
436 1874 522 1897 nuno
546 1874 656 1899 omues

292 1910 466 1944 reddamus
491 1912 630 1948 Domino
654 1915 737 1956 Deo,

293 1958 348 2000 qui
372 1969 431 1992 sua
454 1962 625 1995 nativitate

290 2015 349 2040 1105
373 2007 524 2042 liberavit

293 2055 334 2087 de
360 2055 522 2090 diabolica

292 2105 463 2143 potestate.

208 2161 263 2192 Za.
293 2161 411 2194 Grates
437 2172 522 2195 nune
544 2174 654 2197 omnes

290 2209 464 2243 reddamus
489 2210 613 2245 flamini
635 2217 759 2257 sancto,

289 2266 349 2297 pro
374 2267 433 2291 sua
457 2261 542 2300 quod
568 2260 714 2295 bonitate

289 2306 442 2338 mundum
466 2308 619 2343 lustravit

291 2353 332 2385 ab
356 2353 532 2389 idolatrica

290 2402 444 2436 vanitate.

908 1870 968 1906 lb.
992 1872 1109 1906 Grates
1134 1881 1220 1906 nune
1248 1881 1359 1906 omnes

991 1919 1167 1953 reddamus
1192 1924 1325 1954 aeterno
1350 1923 1448 1964 patri,

990 1976 1051 2009 pro
1077 1977 1137 2000 sua
1161 1969 1216 2010 qui
1240 1969 1364 2010 pietate

988 2016 1109 2049 mundo
1134 2017 1273 2050 salutem

992 2065 1033 2097 de
1056 2065 1171 2102 matris
1197 2067 1335 2099 contulit

988 2113 1141 2155 puritate.

904 2170 963 2203 2b.
988 2170 1105 2204 Grates
1130 2181 1217 2207 nunc
1240 2182 1350 2207 omnes

987 2218 1164 2254 reddamus
1189 2222 1331 2263 simplici
1356 2223 1426 2257 Deo

989 2272 1022 2301 et
1046 2269 1132 2302 trino
1158 2269 1329 2304 liberatori

988 2317 1238 2352 clementissimo

989 2368 1165 2408 nostroque
1188 2366 1329 2409 benigno

989 2413 1155 2449 salvatori.
