1652 2678
674 143 940 181 —249—

157 242 220 276 4a.
248 242 330 283 Quia
353 246 438 284 post,
465 245 579 276 sancta
859 243 923 278 4b.
946 243 1107 276 Interesse

244 299 325 323 voce
349 294 482 325 vocatus
944 291 1121 332 apostolico

246 339 379 372 Domini
943 340 1063 372 meruit

246 387 287 421 de
313 387 501 428 quaestibus
526 388 657 432 telonei,
943 388 1051 421 ordini
1077 390 1110 420 et
1134 386 1272 421 senatui.

155 455 219 489 52.
248 455 349 495 Quem
375 455 514 489 ditatum
861 456 921 490 5b,
945 456 1106 496 Apostoli,

246 503 345 545 duplo
368 505 499 537 nomine
947 504 1184 544 evangelistae3

246 554 361 585 sancta
387 552 476 585 canit
501 552 638 586 ecclesia
944 552 986 584 sit
1013 552 1117 592 gloria
1143 551 1272 585 Christo
1297 552 1441 592 lausque.

155 620 217 653 63..
247 620 348 660 Quem
376 619 525 653 Christus
860 620 920 654 6b.
944 619 999 652 Ad
1029 623 1139 659 partes

245 667 333 699 trina
357 666 424 700 fide
448 671 560 700 sancto
587 669 769 709 spirituque
943 668 1077 700 miserat
1101 666 1297 708 Aethiopiae
1321 667 1394 709 pius

245 715 405 755 repletum
945 715 1122 752 docendae.

157 783 221 816 Va.
247 782 315 816 Hic
340 785 492 824 coeperat
518 783 568 815 vir
593 786 723 816 sanctus
861 783 922 818 7b.
943 783 1127 816 Daemones
1154 783 1294 824 effugare

243 839 398 872 spargere
423 831 558 863 verbum
584 831 657 873 Dei,
944 840 1119 873 magosque
1144 840 1310 873 superare,

244 879 402 920 populum
422 879 592 920 baptizare
944 888 1056 911 caecos
1080 880 1274 920 illuminare,

243 930 341 968 atque
368 927 495 968 docere,
945 927 1079 961 claudos
1105 936 1232 960 sanare.

153 995 217 1030 Sa.
244 994 387 1027 Mortuis
412 995 524 1028 vivere
856 995 915 1030 8b.
940 994 1083 1028 Vocibus
1109 996 1255 1036 privatas

241 1042 403 1083 mutisque
428 1043 590 1084 loquelam
617 1043 763 1085 dederat,
942 1052 1036 1075 aures
1058 1044 1237 1076 recluserat
1261 1045 1421 1083 potenter.

154 1111 215 1145 sa.
243 1110 377 1143 Accidit
399 1110 541 1154 interim,
860 1111 921 1145 9b.
945 1110 1046 1150 Quem
1072 1111 1138 1143 suis
1162 1109 1315 1151 precibus

242 1161 278 1191 ut
302 1161 398 1191 natus
424 1159 510 1201 regis
944 1159 1090 1200 suscitat,
1117 1162 1245 1200 patrem

241 1207 342 1240 vitam
367 1205 478 1240 finiret
944 1207 1013 1247 ejus
1039 1210 1241 1247 matremque

243 1258 348 1288 morte
373 1258 488 1297 captus
513 1257 597 1294 atra,
942 1255 1141 1295 baptizando
1166 1255 1274 1287 simul,

128 1322 215 1358 10a.
244 1323 305 1363 Qui
327 1327 404 1364 post
428 1323 531 1356 multa
835 1322 918 1358 10b.
943 1323 1018 1357 Jam
1045 1330 1117 1355 cum
1142 1331 1200 1354 suo

240 1371 398 1405 miracula
943 1371 1134 1411 perenniter

239 1421 454 1462 interemptus
484 1419 576 1461 obiit,
942 1420 1135 1460 regnaturus
1160 1419 1326 1459 magistro.

600 1488 655 1522 11.
683 1487 782 1520 Miles
808 1486 940 1527 Christi,

686 1538 847 1570 memento
869 1535 982 1569 nostri.

209 1621 300 1651 Grad.
322 1630 375 1649 ms.
399 1621 622 1650 Cremifanense
644 1620 700 1650 190
723 1629 800 1649 saec.
823 1618 868 1649 12.
883 1621 918 1649 A.
939 1637 978 1641 —
997 1620 1083 1649 Miss.
1104 1629 1158 1648 ms.
1174 1619 1394 1648 Cremifantens.
1419 1617 1476 1648 339

126 1669 209 1690 saec.
231 1659 277 1689 15.
298 1660 333 1688 B.
356 1675 391 1680 —-
414 1660 555 1696 Sequent.
577 1668 631 1689 ms.
654 1660 876 1689 Cremifanense
898 1662 967 1697 post
986 1659 1073 1687 Miss.
1094 1660 1219 1688 Roman.
1246 1659 1317 1695 imp.
1338 1659 1475 1687 Venetiis

132 1698 217 1729 1484.
234 1699 265 1727 C.
287 1714 328 1719 —
347 1699 434 1728 Mel:
455 1699 526 1735 Eja
546 1702 676 1727 turma.
698 1715 735 1719 —
757 1697 782 1733 1,
805 1696 820 1726 1
843 1699 989 1727 salvatori
1006 1697 1039 1725 C.
1059 1713 1099 1718 -—
1118 1696 1171 1732 4a,
1195 1696 1211 1724 1
1226 1705 1270 1733 sq.
1283 1706 1359 1725 voce
1373 1699 1479 1725 sancta

127 1738 191 1767 AB.
212 1755 251 1759 —
272 1737 326 1772 5b,
355 1735 373 1765 2
395 1741 425 1767 et
445 1738 648 1775 evangelistae
668 1747 764 1775 gegen
785 1738 843 1765 den
862 1738 938 1766 Vers
960 1736 993 1764 G.
1013 1752 1054 1757 —-
1073 1735 1123 1771 622,
1149 1734 1167 1763 2
1188 1737 1351 1773 sanctoque
1368 1737 1476 1773 spiritu

128 1777 163 1806 G.
185 1792 224 1797 ——
244 1775 299 1806 6b.
321 1775 340 1804 2
360 1778 427 1813 pios
446 1777 478 1806 O.
502 1791 533 1795 —
558 1774 610 1810 Sa,
632 1775 650 1804 2
670 1777 761 1804 mutis
784 1778 814 1804 et
827 1777 887 1805 AB.
909 1792 946 1796 —
969 1773 1040 1809 1012,
1064 1774 1079 1803 1
1093 1775 1222 1812 Jamque
1237 1783 1304 1802 eum
1325 1775 1357 1803 C.

527 1936 597 1969 330.
639 1938 683 1970 De
704 1945 728 1969 s.
749 1936 853 1970 Maria
873 1936 1082 1979 Aegyptiace.

129 2033 186 2066 la.
215 2031 444 2065 Recordentur
468 2033 594 2063 mentes
620 2031 694 2072 piae
832 2030 893 2065 lb.
915 2029 1038 2063 Nolens
1067 2031 1204 2062 mortem
1229 2031 1437 2069 peccatorum

216 2081 312 2115 Vitae
337 2090 465 2114 sursum
491 2088 582 2121 spem
607 2079 738 2113 Mariae
919 2078 1022 2119 Quam
1046 2077 1217 2110 mundavit
1233 2085 1292 2110 rex
1310 2078 1474 2111 coelorum

261 2129 382 2165 Datam
406 2130 441 2162 in
467 2127 673 2170 coelestibus,
967 2126 1040 2159 Suis
1066 2136 1086 2159 a
1110 2125 1267 2161 reatibus,

125 2200 185 2233 2a.
213 2197 451 2238 Derelinquens
477 2197 618 2238 patriam
830 2195 892 2231 ab.
916 2195 982 2230 Sed
1006 2195 1136 2228 Mariae
1162 2193 1296 2235 virginis

214 2247 310 2280 Venit
333 2246 572 2280 Alexandriam
916 2245 987 2286 Ope
1009 2243 1226 2285 plenitudinis

260 2295 418 2329 Libidine
441 2295 579 2337 polluta,
963 2293 1026 2326 Est
1048 2292 1188 2335 gratiam
1212 2295 1334 2327 secuta.

123 2367 184 2401 3a.
213 2366 319 2400 Orans
345 2365 431 2398 enim
458 2373 531 2396 eum
555 2363 695 2405 audiret,
831 2362 895 2397 3b.
917 2361 1060 2394 Matrem
1086 2360 1209 2394 Christi
1234 2360 1389 2394 salutavit

210 2415 315 2456 Quod,
342 2414 523 2448 Jordanem
549 2412 576 2445 si
601 2412 767 2454 transiret,
913 2410 959 2444 Et
984 2409 1164 2443 abscedens
1189 2409 1341 2444 adoravit

255 2463 443 2497 Mereretur
468 2462 624 2504 requiem,
963 2459 1071 2501 Ipsius
1098 2458 1250 2501 effigiem.
