1652 2678
710 114 976 151 —159-

173 212 231 246 3a.
257 211 324 244 Ars
348 212 485 245 istorum
510 213 681 255 medicina,

258 258 402 299 Quorum
425 259 490 293 fuit
516 261 689 303 disciplina

305 309 451 342 Pretium
475 317 639 351 respuere,

175 366 233 400 4a.
260 366 336 399 Vim
360 367 524 408 medendi,
550 377 614 409 qua
634 368 813 410 ponebant,

260 414 313 448 Ex
340 414 473 448 coelesti
498 415 688 450 obtinebant

306 462 412 503 D0n0,
438 473 503 497 non
529 464 569 497 ab
594 465 734 508 homine,

176 521 236 556 5a.
264 520 326 560 Qui
351 522 490 555 salutem
517 523 574 555 dat
598 526 739 566 aegroto,

262 569 328 603 Sed
355 579 394 603 ex
418 574 523 614 parte,
550 581 614 604 non
641 580 680 603 ex
705 573 784 612 toto,

309 617 384 651 Non
411 622 460 651 est
484 619 564 652 artis
590 619 732 661 optimae

875 213 935 249 3b.
959 213 1069 247 Gratis
1096 214 1205 246 datum
1231 213 1332 256 gratis
1360 211 1481 246 dabant

956 262 1003 295 Et
1025 263 1075 295 sic
1097 271 1211 295 manus
1238 262 1474 295 conservabant

1004 312 1164 344 Immunes
1190 320 1211 343 a
1233 318 1376 344 munere.

873 369 933 403 41).
954 369 1020 402 Ars
1044 370 1194 409 humana,
1220 369 1271 403 vis
1295 367 1469 401 herbarum

960 417 1030 450 Cito
1057 415 1153 461 fallit,
1178 417 1313 459 prodest
1338 425 1452 456 parum

995 465 1071 499 Sine
1096 475 1188 499 sacro
1213 464 1352 499 flamine.

875 525 894 558 5
904 524 935 558 b.
958 525 1034 565 Ars,
1045 533 1140 565 quam
1151 524 1377 558 docetsaorum
1383 521 1511 562 flamen,

960 571 1094 605 Confert
1117 572 1223 614 aegris
1248 571 1449 605 medicamen

1009 620 1162 660 Corporis
1187 622 1220 652 et
1244 621 1380 655 animae.

176 676 233 709 6a.
262 675 414 718 Claudum,
429 677 556 718 surdus,
571 680 688 718 mutus,
701 685 814 710 caecus
875 678 934 713 6b.
956 678 1017 710 His
1045 681 1211 711 cesserunt
1236 684 1352 711 cuneta
1375 679 1447 718 rite,

257 724 473 765 sanabantur,
501 725 576 765 quin
603 728 636 758 et
654 734 754 766 pecus

309 773 434 806 Horum
459 772 625 807 beneficio.

177 832 234 864 7a.
262 829 507 864 eonsummatos
537 830 603 864 fine
626 833 700 872 pari

261 879 367 913 Jussit
391 879 486 912 simul
508 880 663 914 tumulari

309 927 381 960 Vox
407 927 521 961 cameli
546 928 670 969 nuntia,

177 985 235 1018 8a.
262 985 372 1029 Pater,
398 989 521 1028 pastor,
538 995 598 1018 rex
616 989 814 1029 cunctorum,

263 1032 371 1075 Nutri,
398 1042 502 1075 serva,
530 1043 606 1075 rege
632 1035 774 1075 chorum,

263 1080 309 1115 Ut
335 1091 507 1123 sequamur
530 1086 616 1124 vota,
645 1092 778 1123 quorum

309 1130 464 1163 Fruimur
488 1131 682 1171 praesentia.

957 725 1115 769 Daemon,
1129 729 1243 767 tortor,
1260 736 1347 768 crux,
1363 726 1509 769 sagittae,

1009 774 1120 816 Lapis,
1147 784 1246 818 mors,
1272 775 1424 816 perditio.

875 832 936 866 71).
963 831 1018 864 Sic
1041 833 1076 865 in
1101 833 1199 866 terris
1223 832 1443 876 praedicatur,

961 881 1015 914 Sic
1038 882 1074 913 in
1100 882 1199 913 coelis
1225 883 1396 914 coronatur

1006 929 1190 970 Martyrum
1219 929 1366 962 victoria.

876 987 934 1021 8b.
958 986 1056 1019 Vobis
1081 987 1206 1028 Cosma,
1233 986 1401 1028 Damiane‚

962 1034 1050 1067 Grex
1077 1045 1098 1067 a
1123 1044 1233 1068 somno
1259 1043 1392 1076 surgens
1417 1043 1511 1067 mane

959 1084 1066 1116 Verae
1089 1084 1176 1116 vitae
1200 1092 1278 1116 vero
1302 1092 1387 1123 pane

1007 1132 1106 1165 Vivat
1130 1132 1229 1165 vestri
1255 1132 1370 1173 gratia.

256 1206 342 1234 Miss.
363 1215 417 1234 ms.
438 1206 609 1235 Morinense
627 1214 704 1235 saec.
728 1205 771 1235 16.
794 1206 865 1236 God.
888 1207 1101 1236 Audomarens.
1122 1206 1165 1236 212

517 1318 586 1351 209.
626 1318 671 1350 De
691 1327 731 1351 ss.
757 1317 898 1360 Crispino
921 1319 954 1351 et
975 1318 1181 1359 crispiniano.

176 1401 232 1434 la.
259 1400 311 1433 De
334 1400 448 1433 radice
470 1409 569 1433 verae
591 1400 668 1434 vitis

260 1449 437 1482 Pullulavit
462 1448 586 1489 palmes
613 1449 700 1482 mitis

308 1497 425 1530 Odoris
456 1496 647 1539 fragrantia,

874 1400 936 1435 lb.
953 1399 1055 1433 Flore
1078 1409 1219 1433 vernans
1244 1400 1354 1434 fructu
1381 1401 1495 1442 dulcis,

958 1448 1057 1488 Quem
1082 1449 1116 1481 in
1142 1448 1236 1490 hujus
1259 1454 1368 1483 terrae
1392 1450 1490 1483 sulcis

1004 1498 1096 1531 Fixit
1119 1496 1184 1530 Dei
1205 1498 1319 1539 gratia.

175 1556 233 1589 2a.
260 1554 324 1588 Hic
350 1559 400 1588 est
424 1558 554 1588 sanctus
575 1556 628 1588 vir
646 1555 813 1597 Crispinus
875 1555 933 1590 2b.
956 1556 1021 1590 Per
1047 1564 1126 1597 quos
1152 1556 1246 1596 hujus
1272 1556 1413 1597 regionis

258 1603 304 1636 Et
329 1612 400 1636 cum
426 1612 464 1636 eo
489 1603 541 1636 vir
565 1614 630 1637 non
654 1605 760 1637 minus

309 1652 416 1693 Digna
442 1652 557 1694 dignus
582 1653 704 1694 laurea,

177 1711 234 1744 Sa.
261 1710 349 1743 Ante
373 1710 459 1750 regis
484 1713 595 1743 torvos
622 1711 739 1750 vultus,

260 1759 360 1800 Quem
388 1758 528 1791 delectat
554 1759 645 1792 Jovis
672 1760 786 1799 cultus,

311 1806 424 1839 Mente
448 1809 537 1840 stant
564 1807 730 1848 intrepida

178 1867 236 1900 4a.
263 1865 460 1899 Praedicata
484 1864 551 1898 fide
575 1863 654 1898 foris

262 1913 392 1947 Victum
416 1913 504 1946 intus
529 1913 564 1946 in
589 1914 708 1946 sutoris

308 1963 540 1997 Promerentur
562 1962 693 2004 cellula,

175 2023 232 2057 5a.
261 2021 452 2055 Gloriantur
476 2021 592 2063 stringi
617 2021 696 2054 loris

254 2070 325 2103 Nec
349 2071 384 2103 in
409 2079 520 2102 vocem
544 2070 595 2103 vis
620 2071 749 2112 angoris

308 2119 498 2159 Prorumpit
521 2118 657 2160 interea,

174 2179 232 2212 6a.
260 2176 365 2211 Sudes
390 2177 478 2209 inter
501 2186 623 2218 ungues
648 2177 734 2210 mitti

257 2226 431 2261 Patiuntur
454 2235 519 2259 non
543 2225 639 2259 inviti

307 2274 382 2308 Non
408 2274 541 2307 edentes
566 2284 740 2317 murmura,

173 2335 234 2370 Μ.
262 2334 373 2369 Vincti
397 2333 486 2366 saxis
511 2332 546 2366 in
571 2333 683 2376 abyssi

257 2383 433 2425 Congelato
458 2381 560 2415 fluctu
584 2383 673 2415 missi

304 2431 486 2466 Servantur
510 2430 551 2466 ab
577 2441 723 2474 anxona3

958 1604 1029 1637 Coli
1055 1605 1163 1645 coepit
1187 1613 1207 1638 a
1233 1605 1354 1638 colonis

1009 1652 1122 1686 Carnis
1150 1653 1271 1686 Christi
1296 1653 1401 1687 vinea.

875 1710 934 1744 3b.
958 1711 1148 1744 Assertores
1173 1711 1254 1751 legis
1279 1720 1392 1751 novae,

959 1758 1006 1792 Ut
1029 1760 1064 1791 in
1092 1758 1254 1792 Christum
1279 1763 1390 1800 spreto
1416 1761 1499 1796 Jove

1008 1807 1116 1841 Corda
1142 1808 1276 1840 credant
1297 1807 1434 1849 perfida.

875 1865 935 1899 41).
956 1865 1009 1898 Ne
1033 1864 1140 1899 fidelis
1165 1875 1271 1899 sermo
1296 1865 1391 1900 fietus

959 1914 1120 1947 Videatur
1145 1923 1241 1948 causa
1263 1915 1379 1957 victus,

1006 1963 1108 2004 Quem
1131 1973 1197 1996 non
1219 1967 1368 2004 praestat
1384 1964 1512 1999 subula.

876 2021 935 2056 51).
958 2020 1043 2055 Dum
1067 2022 1207 2062 injustus
1233 2031 1292 2055 rex
1316 2022 1437 2064 injuste

960 2071 1105 2112 Torquet
1127 2071 1243 2112 justos,
1270 2071 1379 2105 caedit
1402 2072 1500 2115 fuste,

1007 2119 1187 2153 Descendit
1210 2119 1244 2152 in
1270 2121 1402 2156 troclea.

876 2177 935 2212 6b.
957 2178 1081 2212 Horret
1105 2178 1188 2210 cutis
1208 2178 1301 2218 jussa
1324 2180 1397 2212 tolli

959 2226 1052 2260 Dura
1080 2235 1178 2259 manu
1204 2227 1300 2261 dorso
1325 2229 1416 2262 molli

1010 2275 1125 2317 Nuper
1144 2285 1202 2309 usa
1227 2285 1383 2318 purpura.

877 2334 937 2368 7b.
963 2333 1061 2375 Cujus
1086 2334 1160 2376 ripe
1185 2336 1327 2369 restituti

955 2383 1103 2417 Laudem
1128 2393 1271 2417 summae
1294 2386 1372 2419 dant
1398 2388 1513 2421 virtuti

1006 2433 1096 2467 Voce
1120 2433 1220 2468 menti
1246 2443 1395 2471 consona.
