1652 2678
762 83 1003 119 ρ70-

208 189 267 221 4a.
294 184 350 217 Ad
374 184 455 216 haec
480 182 629 215 devotam

293 232 419 265 ratione
445 229 605 263 fruentem

292 279 495 322 praesentari

293 332 327 361 te
350 329 385 362 in
409 327 530 367 templo
555 327 677 367 petisti,

293 379 448 419 praeacta
471 375 609 408 Domino
635 378 710 408 vota

297 424 511 466 complevisti.

210 507 267 539 5a.
294 502 340 535 Hi
365 505 440 534 sunt
465 500 649 542 quindecim

295 551 414 591 gradus
438 549 605 592 virtutum,

294 599 384 639 sequi
410 598 490 630 velis
515 598 673 639 virginem

293 650 326 679 te
348 649 462 687 tutum,

294 695 345 727 his
370 693 533 736 proficisci

294 742 381 776 facto
406 743 549 784 studeas,

294 791 409 833 quibus
435 795 466 823 et
491 790 771 832 praemonstrabat

295 840 381 873 viam
406 840 520 873 salutis

292 889 355 921 tibi
377 897 475 930 posse
500 888 635 930 aggredi

293 937 341 969 sic
363 937 572 970 scandentem

293 986 551 1018 introducentem

292 1034 325 1066 in
350 1032 492 1067 futuram
517 1035 666 1074 patriam.

211 1114 267 1146 6a.
295 1111 345 1144 Tu
370 1121 390 1143 a
416 1111 547 1143 coelesti

296 1159 509 1200 pigmentario

292 1216 368 1240 area
390 1208 546 1240 virtutum

298 1259 421 1297 ornata,

296 1313 434 1337 vernans
463 1305 618 1344 speciosis

291 1351 425 1385 floribus
451 1353 604 1393 amoenis,

297 1401 412 1442 quibus
436 1402 565 1442 replere

296 1452 330 1481 te
356 1450 483 1482 domum
509 1458 586 1482 vere

295 1498 426 1531 Domini
451 1499 636 1539 gloriamur.

214 1578 270 1610 7a.
297 1577 444 1617 Impetra
469 1577 560 1609 nobis
586 1576 705 1618 gaudia

298 1625 419 1658 coelica
441 1628 517 1666 post
541 1625 680 1658 labores.

212 1704 270 1737 Sa.
295 1702 348 1734 Da
372 1703 473 1735 vitam
498 1712 608 1736 veram
633 1702 771 1743 ingredi,

297 1760 356 1783 nos
379 1751 575 1792 sempiterno
602 1752 731 1784 saeculo

299 1798 423 1832 fructus
451 1800 613 1842 colligere,

907 180 967 215 4b.

909 498 968 532 5b.

910 1110 969 1144 6b.

911 1576 970 1609 7b.

912 1703 971 1736 81).

990 180 1041 213 Tu
1065 179 1175 212 ferens
1200 180 1302 210 totam

996 230 1029 260 te
1054 226 1211 268 gradibus
1237 225 1420 267 quindecim

991 276 1034 309 ad
1060 276 1164 308 altare

991 323 1173 357 holocausti
1197 322 1326 362 venisti,

991 373 1149 405 scandere
1179 373 1212 403 te
1238 370 1325 411 cogit
1349 380 1453 411 amor,

992 429 1053 461 quo
1079 419 1242 460 languisti.

990 498 1228 538 Humilitatem,

990 545 1271 579 mansuetudinem

995 593 1164 633 fortitudo,
1190 595 1298 634 pietas

993 645 1156 684 sequatur,

991 690 1239 733 magnanimitas

993 740 1212 779 sobrietatem,

993 790 1172 829 paupertas
1199 789 1381 821 castitatem

994 840 1024 869 et
1050 836 1223 870 veritatem

990 886 1113 926 justam
1137 885 1315 926 patientia3

994 935 1037 967 da
1061 942 1163 977 spem,
1188 934 1291 975 virgo,

994 983 1235 1026 caritatemque,

993 1030 1103 1073 fidem,
1132 1030 1345 1072 diligentiam.

992 1109 1146 1142 Floribus
1167 1110 1277 1141 multis

992 1167 1074 1199 quae
1099 1158 1252 1199 placuisti

992 1216 1113 1247 sponsa
1137 1207 1287 1246 creatori,

992 1255 1125 1295 placere

995 1303 1123 1336 Christo
1147 1302 1348 1343 redemptori

993 1351 1046 1384 fac
1071 1361 1130 1385 nos
1157 1354 1189 1383 et
1213 1359 1391 1392 praeserva

994 1410 1081 1433 nunc
1106 1410 1126 1433 a
1149 1404 1305 1440 proterva

995 1450 1121 1490 antiqui
1146 1449 1248 1480 hostis

995 1496 1120 1541 fraude,
1145 1501 1178 1529 te
1205 1497 1446 1538 dreprecamur.

995 1575 1082 1608 Sana
1105 1584 1175 1616 nos,
1200 1575 1258 1615 pia
1280 1574 1400 1613 Maria,

994 1624 1090 1665 hujus
1113 1624 1199 1656 vitae
1220 1627 1297 1665 post
1322 1623 1464 1656 dolores.

996 1702 1064 1742 Quo
1089 1706 1198 1735 mente
1222 1710 1306 1743 pura
1330 1700 1459 1742 perfrui

999 1751 1056 1784 des
1081 1751 1238 1784 trinitatis
1265 1751 1408 1792 speculo,

998 1809 1159 1842 nunquam
1190 1799 1339 1833 deficere.

619 1879 651 1912 9.
678 1878 888 1919 Unigenitum
912 1881 1001 1910 tuum

679 1926 875 1967 placabilem

679 1975 785 2018 placa,
810 1975 912 2019 virgo,

677 2026 715 2055 ut
739 2024 788 2056 sic
811 2023 961 2056 obtinere

678 2081 739 2113 pro
763 2071 829 2104 tuis
856 2072 963 2112 petita
986 2072 1097 2105 valeas

679 2120 832 2161 precibus
860 2121 1102 2153 commendatis.

288 2205 373 2234 Miss.
400 2216 453 2235 ms.
478 2207 637 2235 Bremense
665 2214 742 2234 saec.
764 2205 809 2235 15.
832 2205 903 2234 Ood.
925 2207 1082 2237 Hafniens.
1106 2208 1152 2238 Gl.
1172 2210 1242 2247 Kgl.
1267 2207 1331 2239 188.
1354 2210 1389 2238 A.
1419 2227 1456 2231 —
1484 2211 1556 2240 Cod.

211 2244 372 2273 Lubicens.
398 2245 438 2273 ol.
465 2245 530 2273 Fol.
556 2244 603 2273 22.
634 2253 712 2273 saec.
739 2243 785 2274 15.
812 2245 847 2273 B.
872 2260 909 2264 —
938 2245 1098 2283 „Sequitur
1125 2247 1256 2276 officinm
1279 2257 1394 2279 :novum

1418 2250 1557 2279 ...Se-

213 2284 336 2320 quentia
354 2284 387 2310 in
407 2284 456 2313 die
476 2287 579 2313 sancto
601 2287 631 2314 et
649 2286 682 2312 in
703 2287 811 2313 octava
833 2284 882 2313 die
903 2283 1056 2313 dicenda.“
1077 2287 1113 2314 A.
1134 2302 1172 2306 —
1192 2288 1277 2315 Mel.:
1301 2287 1368 2315 Ave
1388 2288 1554 2324 praeclara.

212 2323 272 2350 Die
286 2321 519 2360 Versabteilung
542 2323 718 2353 beheri-seht
743 2325 794 2352 der
814 2323 915 2358 Reim,
945 2323 996 2352 der
1023 2325 1107 2353 nicht
1131 2326 1237 2354 immer
1260 2326 1314 2354 auf
1336 2326 1385 2354 die
1405 2328 1555 2365 richtigen

213 2360 326 2389 Stellen
346 2361 446 2398 gelegi:
465 2362 512 2389 ist.
