1652 2678
675 90 937 127 —292-

142 194 199 227 5a.
224 193 350 227 Horum
373 200 482 235 prece,
509 190 644 223 verbum
660 188 775 230 patris,

225 243 335 282 Atque
358 240 518 282 gloriosae
541 239 654 271 matris

273 289 341 322 Nos
366 297 386 321 a
409 289 514 320 morte
537 286 651 326 libera,

837 187 898 222 5b.
923 187 971 221 Ut
994 184 1156 226 possimus
1180 184 1287 214 tecum
1313 188 1394 221 esse,

923 234 1014 268 Sicut
1035 232 1128 265 nobis
1155 232 1206 262 est
1228 236 1371 270 necesse,

970 281 1078 321 Supra
1102 278 1170 321 poli
1195 278 1315 311 sidera.

587 346 618 378 6.
644 344 750 377 Amen
777 342 889 375 dicant
913 339 1029 374 omnia.

217 423 301 451 Miss.
321 430 375 449 ms.
390 420 491 448 Cellae
505 419 535 448 S.
549 420 663 448 Eusitii
682 428 759 447 saec.
783 417 819 447 15
843 426 888 446 ex.
904 417 975 445 Cod.
991 415 1228 443 Cenomannens.
1251 411 1316 440 154.
1332 426 1370 431 —
1385 408 1439 446 2a,
1461 408 1482 438 2

141 461 201 489 dici
220 461 294 489 fehlt
313 460 369 488 Hs.
389 473 428 479 —
447 457 500 493 4a,
522 456 541 485 2
560 460 643 487 vitae
663 457 738 486 fehlt
757 458 811 486 Hs.

605 579 672 611 388.
714 579 758 610 De
777 578 888 611 sancto
909 576 1010 609 Piato.

555 661 584 693 1.
611 660 684 692 Hac
708 659 743 692 in
770 660 824 692 die
845 659 1062 699 jucundemur

619 708 665 740 Et
686 706 775 740 beati
798 715 992 741 veneremur

668 755 755 788 Piati
778 755 945 797 solemnia,

164 817 220 849 2a.
248 815 369 848 Noster
394 814 479 846 enim
505 815 556 845 est
578 815 746 855 patronus,

250 863 349 896 sonet
374 871 449 903 ergo
477 860 580 893 dulcis
606 869 714 901 sonus,

299 911 399 944 Sonet
424 918 496 942 cum
518 909 678 948 melodia3

166 971 185 1003 3
195 978 224 1003 a.
251 968 348 1002 Tanti
364 968 469 1009 patris
487 975 559 999 cum
576 967 620 998 sit
634 965 775 1007 dignum,

249 1065 343 1098 :iuste
363 1065 488 1104 justum
512 1071 551 1095 ao
573 1062 759 1103 benignum,

297 1112 451 1147 Revelari
475 1111 601 1152 merita,

164 1173 222 1205 4a.
247 1171 299 1204 De
323 1170 441 1202 tellure
465 1169 644 1203 Beneventi

248 1219 435 1252 Innotescat
459 1217 547 1251 omni
571 1217 660 1258 genti

296 1268 409 1308 Ipsum
435 1274 506 1298 esse
530 1266 683 1306 genitum,

166 1328 224 1359 5a.
250 1324 451 1357 Adolescens
473 1324 546 1363 ipse
571 1323 674 1355 crevit

246 1372 293 1406 Et
318 1372 450 1404 deorum
476 1371 596 1404 cultum
621 1370 747 1412 sprevit

297 1421 491 1460 Patremque
514 1419 729 1460 incredulum,

165 1481 185 1513 6
194 1488 222 1511 a.
249 1478 395 1511 Tandem
407 1477 551 1518 prudens
564 1481 597 1509 et
606 1478 776 1519 discretus,

249 1526 344 1560 Omni
368 1526 452 1559 bono
475 1527 543 1567 jam
567 1527 712 1566 repletus

293 1574 374 1607 Fuit
398 1575 469 1607 sine
490 1574 628 1617 macula,

166 1634 221 1667 73.
248 1632 477 1666 Blandimento
502 1632 615 1665 mundi
640 1634 751 1674 spreto

246 1681 382 1714 Romam
405 1680 514 1722 pergit
539 1681 637 1713 corde
661 1680 748 1714 laeto

294 1729 355 1762 Vir
381 1729 519 1762 consulti
541 1728 696 1772 peetoffl,

165 1788 221 1821 8a.
250 1786 428 1821 Comitatur
453 1788 511 1820 hos
537 1787 659 1828 Piatus,

246 1836 338 1869 Inter
361 1835 436 1868 illos
460 1838 646 1868 numeratus

294 1883 375 1917 Mox
399 1883 546 1917 bissenat
569 1893 755 1925 numerum3

165 1939 220 1972 9a.
245 1941 777 1986 Romampostquamintraverunt‚

246 1989 400 2023 Ordinari
425 1991 591 2030 petierunt

294 2039 326 2070 A
350 2047 473 2071 summo
498 2037 670 2078 pontifice3

249 2095 396 2128 Tandem
420 2097 490 2129 vias
514 2104 576 2136 per
601 2095 712 2129 devias

245 2143 456 2177 Devenerunt
481 2147 514 2177 et
537 2142 669 2176 fuerunt

294 2193 335 2225 In
359 2193 562 2226 Francorum
586 2191 705 2233 patria,

247 2248 368 2281 Beatus
393 2249 570 2292 Dionysius

246 2297 338 2329 Tunc
362 2299 497 2331 secessit
519 2298 674 2341 Parisins,

246 2345 459 2379 Praedicator
485 2347 630 2387 eximius,

295 2392 361 2427 Ubi
385 2398 521 2427 mortem
545 2394 692 2435 pertulit.

141 2095 223 2128 103.

140 2247 183 2281 11
192 2256 223 2282 a.

864 812 925 846 2b.
948 813 1034 846 Sono
1059 812 1128 844 vita
1152 810 1197 843 sit
1221 809 1376 850 aequaliS,

947 861 1047 894 Sonat
1075 859 1170 891 dulce
1194 867 1292 890 sonus
1317 857 1405 897 talis,

996 906 1091 947 Sapit
1113 907 1187 947 plus
1214 915 1310 946 quam
1337 904 1456 938 dulcia.

864 965 924 1000 3b.
944 964 1175 1005 Exprimamus
1190 963 1298 1018 verbis
1310 971 1398 995 nuno
1406 962 1481 996 bre-

946 1062 994 1095 Et
1019 1061 1061 1093 de
1083 1061 1154 1094 vita
1177 1062 1211 1092 et
1235 1011 1481 1101 dxzelbvlisstutibus,²

999 1110 1087 1150 Quae
1112 1111 1189 1142 sunt
1212 1108 1306 1141 nobis
1334 1108 1471 1149 cognita.

863 1168 925 1202 4b.
947 1167 1062 1202 Proles
1088 1166 1152 1200 fuit
1174 1167 1275 1208 regia,

947 1216 1064 1249 Facies
1089 1215 1219 1257 egregia

999 1263 1104 1305 Super
1130 1264 1244 1296 choros
1271 1263 1433 1297 comitum.

865 1322 924 1357 5b.
947 1321 1069 1355 Libens
1096 1321 1224 1355 scholas
1250 1319 1473 1363 frequentavit

947 1371 994 1404 Et
1020 1370 1188 1403 doctrinae
1211 1369 1376 1403 laboravit

995 1418 1139 1452 Haurire
1162 1416 1364 1451 fonticulum.

865 1478 885 1511 6
892 1477 924 1511 b.
941 1477 1072 1510 Morum
1079 1485 1235 1509 summam
1241 1477 1312 1517 quis
1318 1479 1482 1517 narraret,

947 1525 1043 1559 Prius
1071 1525 1141 1558 dies
1168 1525 1349 1558 declinaret

995 1573 1043 1608 Et
1066 1574 1193 1606 rediret
1214 1573 1345 1606 nebula.

866 1632 925 1667 7b.
949 1631 1120 1672 Quintinus
1147 1633 1180 1664 et
1204 1631 1262 1664 alii

949 1681 1086 1714 Romam
1111 1680 1208 1713 simul
1231 1681 1313 1713 socii

995 1728 1183 1770 Pergebant
1207 1731 1285 1761 tunc
1311 1728 1482 1769 temporis,

865 1787 924 1822 8b.
946 1787 1083 1820 Romam
1108 1787 1233 1820 intrant
1257 1787 1392 1820 adunati

950 1835 1023 1869 Viri
1048 1836 1162 1875 sancti,
1189 1834 1260 1868 Deo
1286 1835 1382 1877 grati,

998 1882 1167 1916 Conditori
1192 1883 1347 1917 siderum.

866 1941 926 1976 9b.
950 1941 1100 1975 Ordinati
1126 1945 1342 1983 recesserunt,

947 1990 1152 2023 Recedentes
1179 1993 1416 2030 quassaverunt

997 2038 1091 2070 Vana
1115 2037 1186 2071 Deo
1208 2038 1331 2078 judice.

842 2095 927 2132 10b.
947 2095 1102 2130 Universi
1126 2104 1203 2129 mox
1229 2096 1372 2137 dispersi

950 2144 1033 2177 Sunt
1059 2143 1191 2185 diversi,
1219 2154 1282 2186 quo
1311 2147 1460 2187 perversi

995 2193 1155 2227 Colebant
1175 2193 1296 2228 inania.

842 2249 924 2283 nb.
946 2251 1041 2284 Tunc
1060 2251 1233 2291 Quintinus
1256 2252 1331 2286 lora
1353 2251 1458 2295 flexit,

944 2299 1116 2333 Ambianis
1142 2310 1178 2333 se
1202 2300 1332 2343 direxit,

946 2347 1013 2381 Ubi
1038 2346 1132 2392 fides,
1159 2357 1256 2390 quam
1283 2349 1409 2394 dilexit,

997 2395 1067 2429 Sibi
1091 2400 1229 2429 mortem
1255 2397 1403 2433 contulit.
