1652 2678
273 320 335 348 Hic
355 323 401 348 est
420 319 500 349 filius
519 322 555 349 A.
576 337 615 341 —-
633 318 690 350 4a,
711 317 729 346 2
750 320 904 356 Linquens
924 319 961 346 A.

273 476 320 510 la

273 631 320 662 2a

802 129 848 133 —
903 108 1071 143 178—

351 203 469 232 Prosar.
497 214 551 233 ms.
576 205 765 233 Franciscan.
794 213 871 233 saec.
897 202 974 232 ²³l14.
1003 203 1074 231 Ood.
1100 203 1263 231 Parisiens.
1293 198 1378 229 1339.
1404 201 1439 228 A.
1465 216 1503 220 ——
1528 201 1615 229 Miss.

272 250 326 270 ms.
346 242 536 271 Francisean.
557 252 634 271 saec.
658 241 703 271 14.
725 242 795 271 Cod.
818 243 1053 271 Cenomannens.
1075 239 1141 269 249.
1163 241 1199 268 B.
1226 253 1265 259 —
1291 238 1344 272 la,
1364 237 1383 265 2
1404 239 1509 267 Fontis
1531 240 1616 275 eujus

272 283 379 318 tangat
397 282 433 309 A.
458 298 498 302 —
524 280 575 317 11),
598 281 614 310 1
633 281 685 309 hic
705 284 843 309 cernatur
862 282 896 309 B.
917 295 957 299 -—
976 279 1030 316 2a,
1052 279 1068 307 1
1089 280 1151 307 Hic
1171 281 1217 306 est
1237 277 1390 306 Abraham
1411 277 1447 304 A.
1467 294 1505 298 ——
1526 276 1578 311 4a,
1602 276 1616 304 1

698 411 768 444 236.
809 412 852 443 De
874 411 984 442 sancto
1006 411 1185 442 Franci-sco.

323 503 329 508 .
357 475 408 507 De
430 475 607 508 Francisco
633 472 828 516 confessore,

355 523 476 564 Magno
502 523 589 556 facto
619 523 660 555 de
684 522 819 562 minore,

405 571 555 604 Gaudeat
578 571 725 611 ecclesia,

324 653 331 660 .
358 628 422 660 Hic
448 632 497 661 est
523 638 608 662 nova
630 629 745 661 mundi
770 628 876 668 stella,

357 676 445 708 Rosa
470 678 588 710 rubens
617 680 650 709 et
673 677 813 719 novella,

403 724 535 757 Rubens
561 726 636 766 agni
660 726 835 766 sanguine3

271 783 328 815 3a.
353 781 442 813 Ecce
465 791 567 814 novus
594 782 776 824 crucifixus,

271 938 321 969 4a

272 1094 319 1125 5a

271 1248 318 1280 6a

271 1403 316 1435 '7a

356 827 453 861 Cruci
479 830 624 863 crucifixi
649 830 743 872 fixus,

405 876 518 909 Crucis
541 876 661 910 florens
686 880 838 922 germine,

324 960 330 966 .
358 934 476 975 Stupet
498 936 531 967 in
556 937 662 977 plagis
686 939 812 976 natura,

355 983 440 1023 Quas
465 983 501 1015 in
525 992 622 1015 carne
647 985 751 1016 cernit
780 993 863 1024 pura

403 1032 570 1064 Passionis
595 1032 720 1073 nescia;

322 1115 328 1121 .
354 1089 462 1130 Hujus
489 1097 606 1130 corpus
630 1089 790 1130 passionis

353 1138 484 1178 Expers
509 1138 601 1170 novis
627 1138 748 1179 gaudet
774 1137 878 1178 donis,

402 1187 495 1219 Nulli
518 1185 556 1219 fit
581 1187 663 1219 haec
689 1187 788 1228 datio,

321 1271 328 1278 .
355 1245 520 1278 Passionis
545 1244 714 1285 antiquata

355 1293 455 1334 Signa
481 1292 607 1334 fulgent
631 1293 803 1333 geminata„

404 1341 454 1374 No
477 1346 552 1374 ruat
576 1341 750 1381 memoria3

321 1425 327 1431 .
349 1399 426 1432 Dux
450 1400 612 1432 minorum

353 1448 529 1481 Beatorum

401 1496 487 1529 Duci
512 1497 616 1537 prode
641 1497 787 1537 vulnera,

974 471 1035 506 1b.
1060 471 1123 505 Cor
1148 472 1313 505 fervescat
1336 473 1371 504 in
1396 480 1517 512 amore,

1057 519 1188 553 Laudes
1215 523 1391 561 concrepet
1413 521 1448 552 in
1474 529 1531 552 ore

1106 568 1220 610 Sitque
1241 578 1355 601 manus
1381 569 1472 601 socia

1055 627 1162 668 HuJ'us
1187 627 1293 660 salvet
1314 635 1373 659 nos
1397 625 1534 666 fiscella,

1056 675 1164 716 Hujus
1189 676 1301 717 lingua
1325 676 1377 708 lac
1402 678 1435 707 et
1459 676 1559 708 mella

1104 724 1173 757 Dat
1198 725 1239 757 de
1263 724 1478 765 plenitudine.

1056 783 1121 815 Hic
1144 783 1179 815 in
1206 791 1301 815 cruce
1324 785 1433 814 mente
1456 781 1541 815 fixus

1057 830 1162 871 Super
1186 840 1319 871 passum
1343 833 1392 863 est
1415 831 1547 863 innixus

1105 880 1225 912 Passus
1249 880 1284 911 in
1306 879 1456 920 imagine.

1058 936 1159 968 Nulla
1183 935 1307 977 frangit
1331 937 1416 969 hanc
1440 936 1596 979 fractura,

1056 983 1147 1016 Mira
1169 984 1265 1024 ponit
1287 984 1323 1015 in
1348 983 1478 1017 factura

1105 1031 1227 1064 Factor
1257 1031 1425 1067 beneficia.

973 627 1034 661 2b.

973 782 1032 816 31).

972 935 1034 970 41).

974 1088 1034 1123 5b.
1058 1089 1158 1130 Signa
1182 1092 1258 1121 sunt
1281 1090 1527 1131 redemptionis,

1057 1138 1162 1178 Hujus
1186 1138 1368 1170 iterationis

1107 1187 1245 1220 Causam
1271 1187 1383 1219 subdit
1408 1187 1503 1221 ratio.

1056 1246 1148 1278 Haeo
1171 1245 1296 1277 talenta
1321 1245 1463 1286 quinque
1489 1246 1567 1280 data

1057 1292 1159 1326 Servo
1184 1293 1244 1326 sed
1268 1293 1488 1334 multiplicata

973 1244 1032 1278 6b.

1105 1341 1207 1374 Caute
1230 1342 1315 1374 lucri
1339 1343 1456 1383 gratia.

1057 1399 1103 1433 Ut
1126 1400 1169 1432 ad
1195 1398 1302 1432 forum

1056 1448 1126 1481 Nos
1151 1451 1338 1481 sanctorum

1105 1497 1271 1531 Perducat
1295 1500 1371 1538 post
1395 1496 1519 1531 funera.

973 1399 1032 1434 7b.

347 1564 466 1592 Prosar.
488 1572 542 1591 ms.
557 1563 748 1591 ffianciscan.
770 1572 848 1591 saec.
869 1560 946 1592 1³2¹14.
962 1562 1033 1592 Cod.
1046 1564 1211 1592 Parisiens.
1228 1561 1313 1592 1339.
1337 1580 1377 1584 —
1398 1563 1450 1600 11),
1465 1563 1484 1593 2
1497 1565 1618 1594 Laudet

267 1604 324 1632 Hs.
348 1618 384 1622 —
406 1601 461 1637 6b‚
483 1600 501 1631 3
523 1602 617 1630 Caute
637 1603 688 1630 lue
707 1604 806 1640 gratia
825 1602 881 1630 Hs.

695 1696 762 1729 237.
797 1697 843 1729 De
862 1698 971 1730 sancto
991 1696 1192 1730 Fusciniano.

269 1771 326 1804 la.
354 1768 562 1802 Athletarum
972 1770 1034 1804 lb.
1058 1770 1163 1803 Roma
1188 1770 1352 1812 quondam

405 1816 528 1850 Christi
549 1818 690 1851 victoria
1106 1819 1157 1852 bis
1183 1829 1278 1853 senos
1306 1821 1439 1854 comites

353 1866 532 1899 Recolatur
1058 1867 1266 1901 Christianae

401 1915 472 1957 jugi
496 1915 633 1958 laetitia,
1108 1917 1252 1949 cohortis
1277 1918 1399 1950 milites

355 1962 453 2002 Cujus
481 1963 569 1995 dulci
1055 1964 1160 2007 Misit,
1186 1973 1248 2004 per
1274 1974 1354 2005 quos

402 2019 532 2051 semper
554 2011 712 2043 memoria
1105 2011 1217 2044 divina
1241 2014 1348 2053 gratia

352 2058 577 2091 Exsultabunt
1057 2058 1230 2092 Gallicana

401 2107 506 2139 sancti
530 2107 565 2139 in
590 2107 705 2147 gloria.
1103 2105 1208 2149 fulget
1232 2110 1380 2144 ecclesia.

269 2166 327 2198 2a.
354 2164 406 2196 Ab
432 2164 483 2196 his
509 2165 626 2196 missus
969 2162 1030 2196 2b.
1053 2164 1235 2198 Fascianus

270 2366 318 2398 Sa

403 2212 446 2244 ad
472 2215 584 2253 gentes
608 2211 751 2251 ultimas,

351 2260 561 2292 Possidentes

402 2316 476 2339 oras
501 2307 691 2347 maritimas,

321 2391 328 2397 .
355 2363 476 2403 Quibus
501 2364 606 2396 virtus
632 2362 739 2396 adfuit

401 2411 524 2443 Christi
549 2414 614 2444 tam
639 2410 820 2453 magnifica,

1104 2213 1224 2247 effulsit
1248 2217 1339 2250 socia

1053 2261 1214 2295 Victorici

1101 2308 1203 2343 fultus
1230 2314 1423 2348 constantia.

968 2364 1029 2399 31).
1052 2365 1146 2405 Quod
1170 2377 1250 2409 gens
1274 2370 1337 2402 illa
1364 2373 1492 2411 respuit

1098 2415 1195 2450 Fana.
1220 2417 1393 2450 diabolica.
