1652 2678
690 78 930 114 -73-

164 174 223 207 Sa.
252 173 277 207 O
304 173 405 207 altum
433 175 610 216 consilium,
866 177 926 211 8b.
950 176 1046 210 Illum
1070 176 1103 208 in
1129 176 1254 209 laetitia

253 222 346 262 Quod
374 223 414 256 de
441 224 538 257 coelis
563 223 665 258 filium
949 224 1020 258 Tua
1044 224 1203 266 pudicitia

284 271 352 304 >Ad
377 274 484 304 terras
511 272 648 306 direxit:
997 273 1138 306 Humilis
1165 273 1287 306 aliexit.

163 330 221 362 θα.
251 329 306 362 Sic
332 330 470 364 decebat
492 331 656 364 incarnari
862 331 921 366 9b.
946 332 1006 371 Qui
1029 332 1063 365 in
1091 332 1188 364 coelis
1214 332 1285 364 sine
1306 335 1410 364 matre

246 378 312 411 Per
336 381 471 412 matrem
499 383 531 412 et
555 379 725 413 humanari
945 379 990 413 Et
1014 380 1049 413 in
1073 380 1169 412 terris
1195 380 1265 412 sine
1289 383 1393 420 patre,

294 426 416 468 Regem
442 437 553 470 regum
580 429 755 468 dominum,
993 428 1143 462 Salvator
1165 431 1215 460 est
1239 428 1413 462 hominum.

137 498 181 533 10
190 509 219 533 a.
248 500 329 541 Ave,
356 509 482 541 gemma
501 500 682 541 mulierum,
838 501 921 536 10b.
945 502 1105 542 Peperisti
1130 503 1236 535 Deum
1261 510 1382 541 verum,

246 548 295 580 Tu
320 549 437 581 solaris
462 549 519 581 lux
545 549 680 590 dierum,
946 549 1005 583 Cui
1028 546 1085 582 das
1112 553 1144 582 et
1170 558 1225 582 cor
1250 550 1410 582 sincerum

296 596 467 637 Sceptrum
493 597 578 639 regis
603 597 736 638 regium,
993 598 1124 631 Amoris
1153 598 1367 639 privilegium.

138 669 180 702 11
191 679 221 702 a.
248 668 274 702 Ο
303 670 442 703 dulcedo
466 669 647 711 virginalis,
836 670 921 705 1110.
943 670 991 703 Te
1017 671 1150 704 dulcore
1173 670 1259 702 saeri
1281 668 1377 702 flatus

245 717 417 758 Nunquam
444 717 506 750 fuit
529 726 591 751 nec
615 721 664 750 est
687 719 762 751 talis
945 719 1044 759 Cujus
1069 718 1224 752 irroravit
1248 720 1352 752 natus,

298 767 373 799 Visa
398 766 460 800 tibi
484 766 611 807 similis,
993 767 1056 800 Dei
1078 776 1198 807 parens
1225 767 1365 799 humilis,

137 838 182 872 12
192 848 221 872 a.
248 838 323 871 Dio:
352 838 402 871 Mi
426 841 512 880 nate,
539 839 723 882 recordare,
837 840 919 875 1210.
944 840 1023 874 Cum
1048 839 1092 873 sis
1118 843 1223 878 natusr
1252 849 1310 881 ego
1335 842 1449 879 mater,

243 887 335 927 Quod
368 887 519 920 merebar
543 890 577 919 ‘te
601 890 734 928 portare
943 888 1032 929 Ergo
1059 888 1198 921 clemens
1225 892 1293 920 esto
1318 892 1413 928 pater

290 935 376 969 Meis
402 936 436 968 in
461 936 650 975 visceribuS,
991 937 1165 970 Hominum
1190 936 1376 969 sceleribus.

211 1021 296 1049 Miss.
326 1030 379 1050 ms.
404 1021 640 1058 vissegradense
665 1021 692 1048 V
719 1022 742 1050 C
771 1031 788 1059 ρ
821 1030 898 1050 saec.
935 1020 980 1051 15.
1006 1022 1042 1050 A.
1072 1037 1112 1042 —
1139 1022 1177 1051 Se
1198 1025 1276 1050 nent..
1306 1031 1359 1050 ms.
1384 1023 1472 1051 Doni.

131 1059 310 1088 Polkowski
330 1069 352 1089 s.
370 1062 446 1097 sign.
469 1069 545 1089 saec.
559 1059 594 1088 15
617 1069 661 1089 ex.
682 1061 716 1088 B.
732 1076 768 1081 --
784 1059 835 1097 2a,
857 1058 875 1089 3
895 1062 1052 1089 Terrarum
1073 1062 1106 1089 B.
1124 1076 1162 1080 —
1203 1061 1231 1094 b,
1254 1059 1269 1088 1
1295 1064 1471 1097 cooperante

134 1098 170 1127 A.
194 1114 231 1118 —
253 1096 306 1133 Sa,
329 1096 344 1127 1
367 1101 400 1127 in
418 1100 530 1128 virtute
549 1099 585 1126 A.
608 1115 646 1120 —
666 1096 719 1134 3b,
741 1098 757 1128 1
780 1099 864 1134 Quae
881 1100 1016 1135 paratior
1035 1101 1070 1128 A.
1090 1115 1131 1120 —
1149 1098 1205 1133 4³0,
1228 1098 1243 1127 1
1265 1101 1348 1135 Quae
1371 1100 1472 1137 sigilio

133 1137 168 1165 B.
199 1153 239 1158 —-
267 1137 326 1174 7b‚
350 1137 363 1165 1
393 1139 454 1166 Hie
473 1137 540 1166 Eva
561 1138 594 1166 B.
615 1153 652 1158 —
674 1135 730 1172 Sa,
755 1136 770 1166 1
793 1138 817 1166 Ο
845 1141 960 1167 eastum
987 1138 1145 1167 consilium
1165 1139 1201 1166 A.
1229 1153 1256 1157 —
1281 1136 1340 1168 91³.
1368 1137 1386 1167 3
1407 1138 1473 1166 Sal-

132 1180 268 1205 vatorem
289 1177 441 1205 hominum
463 1176 498 1204 A.
519 1190 558 1196 —-
580 1175 648 1208 lla,
673 1175 687 1204 1
710 1177 770 1205 Hie
790 1178 833 1205 mi
853 1179 923 1205 nate
942 1178 987 1212 A?
1010 1178 1056 1205 Tu
1077 1178 1118 1204 mi
1138 1179 1207 1205 nate
1230 1178 1261 1205 B.

543 1320 590 1351 86.
631 1319 665 1351 In
691 1318 936 1351 Annuntiatione
957 1318 1045 1350 Bm.

134 1401 192 1435 ia.
220 1401 319 1443 Virgo
344 1402 450 1443 gaude
473 1401 632 1442 speciosa,
834 1399 895 1434 lb.
919 1400 1042 1433 Christi
1064 1401 1168 1432 mater
1192 1399 1389 1440 praeelecta,

218 1449 407 1490 Benedicta,
435 1449 584 1493 gloriosa,
918 1448 1084 1489 Spiritalis
1111 1449 1195 1481 cella
1220 1447 1318 1482 facta.

132 1524 191 1556 2a.
220 1522 355 1557 Gabriel
379 1522 538 1555 emittitur
833 1521 892 1555 ab.
916 1523 997 1564 Ave,
1022 1521 1138 1563 inquit,
1165 1521 1296 1560 innuba,

264 1572 296 1604 A
321 1580 464 1612 superna
489 1570 588 1611 curia,
962 1570 1026 1603 Dei
1050 1569 1147 1611 plena
1172 1570 1287 1611 gratia.

214 1620 346 1662 Tecum,
373 1621 476 1661 virgo,
502 1619 644 1661 loquitur
916 1619 1096 1653 Salvatoris
1119 1618 1236 1651 inolita

265 1668 424 1702 Deferens
450 1668 531 1700 haee
555 1668 677 1701 nuntia.
963 1667 1073 1701 Mater
1096 1676 1129 1699 es
1151 1670 1183 1699 et
1203 1665 1281 1700 filia.

132 1742 190 1776 3a.
218 1741 283 1774 Hie
306 1741 435 1783 ignotus
460 1742 547 1781 apud
574 1743 700 1781 patrem
834 1741 892 1775 31).
915 1740 1038 1774 Noster
1063 1749 1139 1781 ergo
1165 1739 1271 1772 factus
1297 1738 1401 1772 frater

216 1789 320 1823 Nobis
346 1791 441 1822 notus
466 1788 505 1821 fit
525 1797 585 1830 per
609 1791 755 1829 matrem,
917 1789 982 1821 Per
1007 1792 1050 1830 te,
1077 1789 1168 1830 virgo
1194 1786 1283 1821 faeta
1307 1792 1421 1821 mater.

130 1865 190 1897 4a.
218 1863 307 1896 Deus
332 1862 439 1896 Deum
464 1863 574 1903 genuit
833 1862 894 1896 41).
918 1862 1018 1902 Virgo
1044 1863 1155 1894 natum
1180 1860 1315 1902 protulit

264 1911 400 1952 Absque
424 1913 538 1944 matre.
965 1910 1041 1944 Sine
1062 1912 1166 1951 patre.

131 1986 190 2018 ἔδει.
219 1986 244 2019 O
272 1993 367 2026 quam
393 1985 476 2017 mira
500 1983 658 2027 genitura,
834 1984 892 2018 5b.
917 1983 942 2017 O
968 1983 1130 2024 stupenda
1153 1983 1326 2025 nutritura,

220 2033 408 2067 Creatorem
434 2036 583 2066 ereatura
917 2032 1031 2066 Nutrit,
1054 2033 1161 2066 Deum
1184 2031 1275 2073 virgo
1300 2041 1384 2072 pura

267 2082 391 2117 Memit
417 2085 449 2115 et
474 2082 587 2123 gloria.
967 2079 1209 2114 Gubernantem
1235 2081 1351 2114 omnia.

130 2157 189 2191 ea.
215 2156 316 2197 Ergo,
343 2158 449 2188 mater
473 2163 492 2187 o
516 2155 634 2194 Maria,
835 2155 893 2189 eb.
916 2154 1118 2188 Emundatos
1144 2164 1164 2186 a
1190 2153 1318 2186 delictis

217 2206 342 2239 Tantus
369 2203 473 2236 frater
497 2211 596 2244 prece
620 2204 676 2244 pia
917 2203 1020 2236 Simul
1042 2204 1159 2244 jungat
1183 2211 1254 2235 cum
1281 2202 1392 2235 electis

262 2253 332 2286 Nos
356 2262 416 2288 sua
442 2252 614 2285 elementia
967 2252 1005 2285 In
1033 2252 1167 2285 coelesti
1193 2252 1292 2286 ouria.

465 2327 495 2359 7.
523 2327 629 2358 Amen
657 2324 746 2358 dieat
770 2324 850 2358 haee
875 2329 989 2359 nostra
1013 2325 1153 2358 turmula

525 2374 679 2408 Laudans
704 2373 809 2407 Deum
834 2384 895 2416 per
920 2377 1037 2408 cuncta
1061 2375 1200 2408 saecula.
