1652 2678
642 76 906 113 -169-—

132 175 191 208 63.
218 174 325 216 Hujus
350 175 453 208 latum
477 185 514 209 os
539 175 668 209 brachii
833 175 893 208 6b.
915 172 1160 216 Magnificemus
1183 174 1354 215 virginem,

215 223 317 257 Ornat
342 226 462 257 statum
487 225 639 259 Bisuntii.
918 223 1016 263 Cujus
1040 222 1197 255 habemus
1221 221 1394 262 pectinem,

131 296 189 330 7a.
217 295 342 337 Crines,
371 296 532 338 cingulum
557 296 628 339 filii,
833 295 892 329 7b.
915 295 1059 328 Excedit
1082 303 1191 327 rerum
1217 294 1375 334 ordinem,

216 343 274 377 Sui
301 344 460 377 cumulum
485 345 606 386 gaudii.
917 343 1005 384 Quae
1032 343 1123 376 dedit
1142 342 1249 375 Deum
1270 342 1443 375 hominem.

133 418 189 451 8a.
217 416 431 450 Innocentum
456 417 614 458 reliquiae
831 417 891 452 8b.
916 417 961 450 Hi
985 417 1142 458 sanguine
1165 415 1324 456 baptizati

217 464 300 497 Sunt
319 469 528 507 augmentum
550 465 706 508 laetitiae,
917 465 994 498 Sine
1018 464 1082 498 fine
1105 467 1180 497 sunt
1204 464 1300 497 beati.

132 539 188 571 9a⁴
216 538 309 571 Haec
331 537 483 577 praefata
508 537 603 570 simul
630 537 707 570 data
831 537 891 572 91).
918 538 942 571 O
970 546 1064 578 quam
1089 536 1209 569 bonum
1234 535 1297 569 fuit
1315 535 1444 576 donum,

217 584 299 618 Sunt
322 585 439 618 ineolis
462 585 674 626 Chrysopolis
916 586 1043 626 Quanta
1067 594 1223 626 praesens
1248 584 1387 617 eeclesia

266 635 297 665 A
325 634 381 674 pio
407 633 601 667 Theodosio,
967 634 1074 666 Tanta
1096 634 1219 666 habens
1240 632 1372 673 jocalia.

109 706 191 740 10a.
219 705 359 744 Quorum
386 704 481 737 adest
505 705 702 749 solemnitas,
809 705 893 739 101).
915 705 962 739 Ut
993 714 1225 746 consequamur
1249 705 1396 746 gratiam,

217 752 342 786 Horum
364 754 459 793 juvet
483 762 542 785 nos
567 753 734 795 sanctitas,
915 753 1150 794 Adipisoamur
1174 753 1320 794 gloriam.

108 827 149 860 11
160 834 188 858 a.
217 825 255 857 In
281 834 346 866 qua
370 833 467 859 verae
494 825 627 858 divitiae
810 825 892 860 111).
916 825 1071 866 Fastigia,
1099 825 1281 869 concordia,

215 873 298 906 Sunt,
323 875 356 905 et
380 882 477 906 verae
504 874 650 915 deliciae,
917 874 1098 907 Praeconia
1121 874 1290 913 perennia.

183 950 269 978 Miss.
295 959 350 978 ms.
373 949 566 978 Bisuntinum
591 959 670 979 saec.
699 949 744 978 15.
766 950 838 978 Cod.
860 950 1009 978 Bisuntin.
1031 947 1077 977 74-
1099 950 1134 977 A.
1157 963 1194 968 ——
1218 949 1274 977 Miz
1297 970 1304 976 .
1324 957 1379 977 ms.
1400 949 1449 977 Bi-

109 990 265 1017 stmtinum
291 996 369 1017 saec.
395 987 440 1017 15.
463 988 533 1017 Cod.
554 990 705 1018 Bisuntin.
729 988 775 1017 77.
797 989 831 1017 B.
851 1003 889 1008 —
910 989 996 1016 Miss.
1018 987 1212 1016 Bisuntinum
1231 988 1303 1025 imp.
1323 988 1450 1016 Parisiis

109 1025 193 1055 1497.
215 1027 247 1055 Ο.
265 1042 302 1047 -—-
326 1025 361 1055 11
371 1036 397 1061 a,
418 1025 437 1055 2
456 1036 557 1056 merae
577 1028 705 1056 deliciae
725 1029 760 1056 A.

552 1141 621 1173 222.
663 1140 707 1171 De
728 1142 842 1172 saneta
861 1139 1011 1173 Eusebia.

518 1214 549 1246 1,
577 1211 686 1244 Pulsis
710 1212 818 1244 luctus
843 1211 987 1244 tenebris

576 1260 684 1293 Adest
707 1259 802 1292 nobis
828 1260 964 1292 celebris

626 1307 739 1341 Novae
764 1307 820 1341 lux
845 1307 1000 1349 laetitiae,

108 1369 166 1400 2a.
193 1367 298 1410 Votis,
328 1367 404 1409 vita,
429 1366 564 1399 vocibus
809 1366 868 1399 2b.
891 1366 991 1406 Cujus
1017 1374 1135 1406 mores,
1162 1364 1247 1397 aetio

190 1415 383 1449 Insistamus
408 1414 561 1448 laudibus
891 1414 991 1453 Laus,
1016 1414 1132 1454 virtuS‚
1162 1412 1291 1445 devotio

240 1464 406 1498 Praecluis
432 1463 606 1504 Eusebiae,
941 1462 1076 1495 Trames
1102 1465 1178 1494 sunt
1199 1460 1359 1502 justitiae.

107 1538 164 1570 Sa.
191 1538 223 1569 A
246 1537 413 1578 primaevo
439 1538 586 1577 tempore
808 1536 867 1569 3b.
889 1534 1008 1568 Matris
1036 1537 1133 1575 paret
1160 1534 1302 1573 monitis5

189 1584 278 1618 Miro
304 1584 388 1618 fulta
412 1584 532 1618 robore
894 1583 1039 1616 Matrem
1062 1585 1181 1624 aequat
1203 1582 1340 1618 meritis,

240 1633 437 1666 Maturescit
461 1634 614 1676 moribus,
942 1631 1044 1666 Matri
1070 1639 1203 1671 compar
1228 1630 1364 1663 actibus.

108 1708 166 1740 4a.
193 1706 307 1747 Aetas,
334 1714 440 1744 sexus,
468 1705 618 1748 dignitas,
809 1704 870 1739 ab.
890 1705 983 1738 Haec
1006 1703 1142 1744 Abysag
1166 1704 1315 1743 mystica,

194 1754 317 1788 Census
343 1754 396 1786 vel
418 1753 620 1794 prosperitas
892 1753 968 1786 Axa
994 1751 1117 1792 Caleph
1143 1751 1255 1792 typica

192 1802 268 1836 Non
298 1803 343 1836 ad
364 1811 418 1835 res
442 1801 576 1834 illicitas
894 1800 934 1833 In
964 1799 1048 1832 cella
1071 1799 1279 1832 Hammatiea

191 1850 274 1892 Ejus
299 1848 436 1883 flectunt
460 1850 602 1883 semitas.
893 1849 972 1881 Vita
993 1848 1073 1882 vivit
1101 1847 1233 1883 coelica,

110 1929 166 1960 5a.
193 1923 282 1958 Nata
306 1922 404 1963 Jepte
812 1922 872 1956 sb.
893 1923 1001 1954 Areus
1026 1921 1149 1961 lignum

193 1972 249 2006 Nil
274 1972 386 2013 inepte
895 1971 1047 2004 Praestat
1071 1969 1198 2010 signum

236 2021 458 2062 Machinatur,
945 2018 1040 2051 Vitae
1063 2018 1215 2058 mundae,

240 2070 328 2103 Dum
353 2073 504 2103 sacratur
944 2068 1025 2101 Cum
1051 2065 1191 2099 fecunde

289 2119 361 2152 Deo
386 2119 519 2160 placens
542 2118 660 2159 hostia,
991 2114 1087 2148 Nova
1110 2115 1233 2156 promit
1257 2114 1347 2149 folia.

109 2196 166 2229 6a.
193 2193 327 2235 Martyr
349 2193 468 2232 mente,
812 2189 871 2224 6b.
895 2188 996 2222 Tecta
1022 2188 1094 2221 velo

191 2241 276 2275 Nam
303 2243 427 2275 attente
896 2238 1001 2271 Vacat
1026 2237 1128 2278 caelo,

240 2290 380 2327 Carnem
407 2290 527 2330 domat,
943 2286 1067 2319 Fervet
1090 2286 1171 2329 2610,

241 2340 293 2374 Ne
319 2339 398 2381 quid
424 2339 555 2381 promat
947 2335 1016 2368 Zeli
1041 2334 1105 2367 telo

291 2389 414 2423 Contra
439 2387 543 2429 legem
569 2386 722 2428 spiritu53
997 2384 1179 2417 Vulnerata
1209 2383 1353 2416 coelitus.
