1652 2678
666 116 934 152 ——284‘

137 216 195 249 6a.
220 215 309 248 Rore
331 214 470 248 Letavia
832 214 892 248 6b.
914 213 1059 246 Tandem
1085 214 1121 246 in
1145 213 1265 254 gaudia

222 264 321 298 Caret
345 266 378 296 et
401 264 522 307 pluvia,
916 260 1083 294 Convertit
1107 261 1216 294 tristia

266 312 313 345 Et
335 310 422 344 fame
446 312 512 344 ruit
963 310 1045 351 Rex,
1073 318 1167 351 quem
1191 310 1304 351 genuit

315 369 393 402 gens
418 360 546 393 misera.
1011 366 1183 399 puerpera.

212 432 297 459 Miss.
319 440 372 460 ms.
386 431 553 459 Venetense
575 438 652 458 saec.
669 428 713 459 15.
737 429 809 458 Cod-
825 430 1036 466 Rotomagens.
1049 426 1117 458 307.
1136 444 1175 449 -—
1194 430 1280 458 Meh:
1301 429 1472 457 Laetabun-

136 468 200 497 dus.
220 485 260 490 -—
280 469 331 505 5a,
355 468 370 497 1
392 472 477 498 sonst
494 469 666 506 Mailgonus
688 468 758 497 oder
776 469 962 505 Maflgunus.
981 482 1021 486 —-
1042 466 1095 502 51),
1119 465 1134 495 1
1155 471 1240 496 sonst
1258 467 1416 496 Arthurus.

564 570 630 603 376.
669 571 714 603 De
735 571 845 603 sancto
868 571 1029 603 Patroclo.

521 644 553 677 1.
580 643 687 675 Patris
711 643 816 675 nostri
841 643 985 676 Patrocli
1011 641 1094 675 festa

577 691 756 723 recolamus
782 700 898 726 annua.

135 751 194 784 2a.
221 749 371 782 Jucunda
396 749 430 781 in
455 749 578 782 honore
833 748 893 783 2b.
915 748 988 780 Hac
1014 748 1067 780 die
1094 747 1321 788 depromamus

220 798 288 838 ejus
315 798 458 829 carmina
914 796 1014 829 laude
1039 805 1189 829 consona.

136 856 195 889 32.
219 855 280 895 Qui
306 856 418 887 contra
442 856 683 895 persecutorum
834 854 893 888 3b.
914 853 1075 894 Exemplo
1100 862 1158 885 suo
1181 853 1216 885 in
1240 856 1310 886 tota

219 905 293 935 acta
318 902 475 935 dimicans
498 902 608 934 inania
916 905 1044 934 sanctos
1071 900 1275 934 confortabat
1303 900 1420 934 Gallia..

134 962 193 994 420.
221 959 344 994 Christi
367 968 501 992 munere
831 959 892 993 4b.
913 958 1002 991 Hinc
1025 958 1212 991 ambulante

220 1008 276 1049 qui
299 1008 401 1041 veluti
917 1009 1033 1047 stagna
1056 1006 1172 1048 quadri

218 1059 340 1089 terram
366 1056 504 1088 calcavit
526 1055 639 1096 maria,
917 1055 1120 1087 sustentabat
1145 1055 1313 1089 tumentia.

135 1116 193 1149 5a.
220 1114 391 1146 Aureliani
415 1114 508 1145 varia
834 1112 893 1147 5b.
914 1112 1027 1153 Usque
1052 1113 1095 1145 ad
1120 1115 1258 1144 mortem
1283 1111 1414 1145 fortiter

219 1161 412 1201 contempsit
436 1161 598 1202 supplicia
918 1164 1046 1193 certans
1070 1169 1131 1202 pro
1155 1161 1291 1201 justitia.

136 1220 194 1254 6a.
219 1219 379 1260 Martyris
404 1219 497 1251 istius
833 1218 894 1253 6b.
917 1218 1062 1250 Plurima
1086 1221 1250 1250 testantur

219 1271 340 1308 quanta
364 1267 430 1298 sint
916 1266 960 1298 ad
986 1266 1130 1299 tumbam

218 1316 306 1355 apud
330 1314 505 1348 Dominum
528 1314 655 1355 merita,
916 1315 985 1354 ejus
1008 1316 1080 1347 visa
1101 1314 1268 1348 miracula.

136 1373 194 1407 va.
218 1373 318 1405 Hunc
339 1380 422 1412 prae
447 1371 562 1404 ceteris
833 1372 892 1406 7b.
915 1372 1002 1412 Quae
1027 1379 1143 1414 eorpus
1170 1373 1238 1412 ejus

221 1420 329 1461 diligit
352 1419 522 1452 Trecensis
916 1421 1135 1461 amplectitur,
1166 1419 1247 1453 felix

219 1468 364 1507 ecclesia,
915 1471 964 1500 est
989 1468 1108 1509 patria.

135 1527 193 1561 82.
221 1526 320 1558 Tanti
345 1534 419 1567 ergo
444 1524 576 1566 patroni
831 1526 891 1561 8b.
916 1526 1036 1559 Sancte
1059 1527 1222 1567 Patrocle,
1248 1530 1376 1567 martyr

218 1572 302 1606 festa
328 1573 468 1606 colamus
918 1575 1058 1616 egregie,
1084 1584 1143 1608 nos

218 1622 338 1655 hilares
363 1622 528 1655 solemnia.
914 1625 987 1655 tuos
1012 1623 1176 1664 supplices
1202 1624 1333 1663 adjuva,

134 1681 191 1714 9a.
218 1680 266 1713 Ut
288 1682 400 1713 nostra
423 1680 611 1713 relaxentur
831 1680 890 1716 9b.
913 1680 959 1713 Ut
984 1684 1060 1721 post
1083 1682 1179 1722 hujus
1210 1682 1299 1714 vitae

216 1727 365 1761 facinora
915 1729 1078 1763 curricula

219 1780 397 1816 cunctaque
420 1779 628 1817 praestentur
914 1780 1021 1810 tecum
1045 1778 1081 1811 in
1105 1778 1210 1820 gloria

216 1834 383 1866 prospera,
916 1834 1101 1859 maneamus

682 1884 740 1917 10.
766 1883 921 1918 Aeterna.

208 1953 294 1982 Mis-2·-
321 1963 376 1982 ms.
396 1954 549 1983 Gureense
579 1963 656 1982 saec.
677 1953 723 1983 15.
744 1953 816 1982 Ood.
835 1954 998 1984 Viruneus.
1018 1956 1110 1990 (Hist.
1128 1956 1243 1985 Vei-ein
1268 1957 1288 1985 f.
1307 1955 1479 1994 Kamthen)

134 1989 192 2021 332
212 1990 234 2028 [¹
252 1993 278 2028 J).
298 2009 339 2013 ——
357 1991 410 2028 72,
431 1991 450 2021 3
469 1994 569 2028 patria
588 1994 644 2021 Hs.
665 2009 704 2013 —
723 1991 776 2026 712,
797 1991 817 2022 3
839 1996 885 2022 est
904 1994 1032 2023 ecelesia
1053 1995 1108 2023 Hs.

599 2096 664 2128 377.
703 2097 749 2128 De
769 2098 878 2129 saneto
899 2097 1008 2129 Paulo.

532 2168 564 2202 1.
590 2167 791 2201 Veneremur
815 2177 926 2210 regem
950 2179 1063 2212 regum

592 2225 664 2248 cum
687 2216 827 2250 solemni
851 2218 980 2259 gaudio,

134 2274 192 2306 2a.
220 2272 281 2312 Qui
304 2273 353 2307 sic
378 2274 538 2306 convertit
561 2273 681 2318 hostes,
833 2274 893 2309 2b.
917 2275 1009 2316 Quod
1034 2277 1070 2310 in
1095 2277 1282 2311 beatissimo

217 2323 255 2352 ut
278 2324 387 2362 gratos
411 2322 532 2355 reddat
556 2322 621 2355 sibi
918 2324 1015 2357 datur
1041 2326 1186 2366 perspici
1211 2326 1324 2365 Paulo,

218 2369 444 2402 reconciliatos
918 2373 974 2413 qui
997 2375 1118 2407 mundo
1144 2377 1290 2407 mortuus

266 2419 466 2458 peccatores.
966 2422 1048 2455 vivit
1072 2423 1154 2456 Deo.
