1652 2678
726 99 992 135 *331—

192 197 250 230 4a.
276 197 358 230 Post
382 205 539 239 carceres,
566 196 758 238 patibulum,
892 198 952 232 4b.
977 197 1044 231 Sed
1067 196 1114 229 ibi
1140 196 1271 230 vincens
1296 196 1457 229 saeculum

277 244 434 278 Sanctum
462 246 533 286 ejus
558 247 786 288 corpusculum
976 245 1033 279 Ad
1058 253 1245 286 supremum
1269 246 1436 277 oraculum

324 293 428 327 Lecto
452 294 543 327 molli
568 295 705 335 locatur,
1023 294 1195 327 Dormiens
1221 293 1424 328 sublimatur.

195 353 251 385 5a.
276 351 303 385 Ο
329 360 427 392 quam
452 351 553 385 debet
575 353 727 385 venerari
895 353 955 386 5⁷0.
978 351 1040 392 Qui
1063 352 1184 385 meruit
1206 351 1413 392 praeservari

278 399 467 433 Vincentius
494 403 527 433 et
550 400 680 434 laudari
978 401 1010 432 A
1035 399 1126 441 feris,
1154 399 1251 432 etiam
1275 400 1358 431 mari

327 447 359 480 A
386 449 510 481 cunctis
534 447 699 492 fidelibus,‚
1026 448 1072 481 Et
1096 457 1117 480 a
1140 447 1234 480 malis
1260 448 1418 481 omnibus.

196 507 255 539 θα.
284 506 309 539 Ο
333 505 495 548 Vincenti,
522 510 648 547 martyr
669 506 743 548 Dei,
898 506 957 540 6b.
982 506 1029 539 Ut
1053 507 1087 538 in
1112 506 1183 538 loco
1210 505 1343 547 requiei,

280 552 444 588 Defensor
469 563 583 587 sacrae
607 554 698 596 fidei,
981 554 1118 587 Aeterni
1143 562 1269 594 quoque
1295 553 1360 586 diei

329 602 396 636 Ora
419 602 526 636 Deum
548 603 683 644 jugiter,
1031 602 1185 635 Vivamus
1210 602 1407 642 perenniter.

274 668 417 706 Sequent.
442 678 498 697 ms.
518 669 763 698 Praedicator-um
799 677 871 697 saec.
902 666 947 697 15.
974 668 1047 696 eod.
1075 667 1279 705 Andegarens.
1305 665 1352 696 90.
1373 682 1411 687 -—
1431 665 1491 702 22,
1516 664 1536 693 2

197 708 262 743 Quo
283 708 415 736 Daciani
434 708 491 737 Hs.
511 723 551 728 —-
571 705 625 744 6b‚
646 704 665 734 2
686 707 834 736 Aeternae
855 715 974 744 quoque
993 707 1049 735 Hs.

637 819 707 852 437.
751 819 793 851 De
813 820 921 851 sancto
942 818 1101 852 Viventio.

198 893 255 926 la.
279 891 417 925 Festiva
441 892 558 925 chorus
582 893 647 925 iste
903 891 961 924 ib.
984 890 1187 931 Depromens
1213 890 1284 931 tibi,
1313 889 1451 931 Christe,

332 939 524 973 Moduletur
549 940 701 983 melodia,
1033 937 1197 972 Vincentii
1220 938 1392 979 magnalia.

202 1001 260 1033 2a.
286 998 359 1031 Rex
384 998 527 1040 uraniae,
903 996 962 1033 2b.
984 996 1033 1028 Te
1057 995 1258 1036 supplicibus

287 1046 389 1086 Quem
413 1056 512 1079 unum
536 1047 651 1079 laudat
672 1046 767 1079 unice
985 1044 1079 1077 Votis
1103 1043 1200 1076 simul
1225 1046 1258 1075 et
1281 1043 1414 1075 vocibus

335 1094 493 1127 coelestis
517 1095 617 1136 curia,
1033 1092 1154 1125 Psaiiit
1177 1091 1324 1124 ecclesia.

203 1155 261 1188 32.
289 1152 425 1186 Sanctus
449 1152 513 1185 iste
537 1152 706 1185 Viventius
903 1150 964 1184 3b.
985 1149 1128 1182 Nostrae
1152 1148 1214 1182 tibi
1236 1149 1398 1189 propitius

334 1200 458 1233 Tecum
481 1201 595 1234 vivens
618 1202 655 1233 in
679 1200 790 1241 patria
1035 1197 1160 1230 Laudis
1183 1195 1271 1230 ferat
1293 1196 1478 1237 praeconia.

201 1261 260 1294 4a.
287 1258 335 1293 Ut
358 1258 408 1291 sol
431 1259 466 1291 in
491 1258 636 1291 tenebris
663 1257 781 1290 claruit
902 1256 963 1289 410.
988 1255 1034 1288 Et
1057 1257 1095 1287 ut
1117 1255 1212 1295 spina
1236 1263 1343 1287 rosam
1366 1254 1477 1295 genuit

338 1306 390 1340 De
414 1307 529 1348 gentili
553 1307 719 1351 prosapia,
1036 1304 1179 1336 Tantum
1203 1303 1311 1335 virum
1335 1302 1491 1336 Samaria.

203 1368 260 1400 5a.
289 1365 423 1406 Georgii
448 1368 577 1397 secutus
904 1361 963 1396 5b.
987 1360 1080 1394 Sacri
1105 1359 1204 1393 fontis
1230 1360 1360 1393 ablutus

334 1412 446 1446 Verba
470 1413 624 1454 salubria,
1035 1409 1185 1442 Novatur
1210 1408 1325 1449 gratia.

203 1474 260 1507 6a.
285 1472 350 1505 Per
375 1471 462 1504 hunc
486 1470 626 1503 Daciani
905 1468 963 1502 6b.
986 1467 1085 1509 Regis
1113 1466 1290 1499 Christiani

338 1518 453 1553 Credit
475 1518 556 1560 filia,
1038 1515 1166 1549 Crescit
1194 1515 1309 1555 gioria.

204 1580 259 1612 7a.
286 1578 434 1620 Exponit
459 1576 610 1618 gentibus
906 1574 964 1609 7b.
990 1573 1107 1607 Multis
1133 1573 1306 1606 virtutibus

338 1625 462 1659 Christi
485 1626 653 1667 mysteria,
1038 1621 1212 1662 Exstirpat
1234 1622 1324 1654 vitia.

205 1686 263 1719 Sa.
290 1683 416 1718 Reddit
441 1684 565 1717 animas
589 1683 727 1725 superis,
907 1681 968 1716 8b.
992 1680 1096 1713 Nobis
1121 1679 1222 1721 igitur
1246 1677 1386 1720 miseris,

336 1732 464 1766 Reddit
487 1732 578 1765 vivas
1038 1729 1140 1762 Pater
1162 1727 1257 1768 aime,

386 1783 462 1822 post
486 1780 600 1814 mortis
626 1779 799 1820 stipendia.
1089 1784 1224 1808 succure
1248 1783 1348 1816 prece
1372 1774 1429 1815 pia

674 1839 706 1872 9.
736 1836 914 1871 conferens
938 1837 1028 1868 vitae

733 1886 950 1927 sempiternae
974 1882 1129 1926 praemia.

204 1998 238 2026 M
256 1957 367 2025 1Miss.
394 1965 450 1985 ms.
470 1956 672 1994 Vergiaeense
699 1962 776 1983 saec.
803 1951 838 1982 13
859 1954 900 1981 in.
933 1951 1003 1981 Cod.
1024 1951 1147 1979 Dolens.
1169 1946 1217 1978 48.
1239 1949 1306 1978 add.
1327 1957 1404 1978 saec,
1427 1946 1473 1976 15.
1494 1947 1552 1975 mit

240 2006 256 2025 e
269 2017 276 2024 .
