1652 2678
733 80 999 117 -197—

274 175 395 204 Prosar.
422 186 477 205 ms.
497 177 744 207 Praedicatorum
772 187 850 207 saec.
874 176 919 207 15.
941 178 1012 207 Cod.
1032 178 1241 215 Andegavens.
1262 176 1309 207 90.
1330 177 1365 205 A.
1394 192 1434 197 —-
1458 177 1543 205 Mies.

195 222 251 242 ms.
271 214 520 244 Praedicatorum
551 224 629 245 saec.
659 215 704 246 15.
727 217 799 246 Cod.
822 217 996 246 Oarnotens.
1024 215 1081 245 591
1105 218 1136 245 B.
1162 233 1201 238 -
1230 215 1281 251 la,
1306 215 1321 244 1
1342 216 1449 244 chorus
1470 214 1546 244 fehlt

197 252 231 280 Β.
252 269 290 274 —
311 252 362 289 5a,
384 251 403 282 3
423 255 561 282 Peccatis
582 265 620 284 ne
641 264 810 293 premamur
829 257 864 284 B.

631 389 698 420 262.
739 390 784 422 De
804 391 914 422 sancto
935 389 1100 422 Januario.

599 470 631 503 1.
657 470 811 504 Exsultet
833 471 1008 511 Augiensis

656 526 786 559 semper
809 519 918 552 insula
942 519 1097 560 gaudens,

198 574 257 607 2a.
284 574 445 607 Immenso
472 583 645 614 corporum
901 576 961 610 2b.
986 577 1179 610 Sanctorum
1198 580 1382 619 martyrum

284 622 438 655 thesauro
986 627 1110 658 ornata.

199 679 256 712 3a.
286 680 371 720 Quos
398 680 486 711 inter
510 678 624 712 beatos
650 689 744 714 sacra
902 682 962 716 31).
986 681 1083 715 Hunc
1109 683 1194 716 diem
1218 683 1253 717 in
1279 685 1370 725 cujus
1402 686 1465 718 rite

282 727 459 760 Januarius
485 727 632 760 membra
987 730 1187 763 celebramus
1212 733 1387 765 solemnem

282 775 413 816 locavit,
988 778 1120 813 honore.

196 833 257 867 4a.
284 832 347 873 Qui
374 840 471 866 carne
497 835 660 874 quondam
902 835 963 870 4b.
988 835 1071 876 Regi
1095 846 1236 877 superno

281 881 315 913 in
342 881 440 914 terris
466 879 592 922 positus
987 884 1080 917 miles
1105 884 1304 919 fortissimus

281 929 471 971 principatu
986 932 1209 973 incorruptam

281 977 396 1010 mundi
422 979 607 1021 contempto
986 979 1084 1013 fidem
1110 982 1264 1015 servavit.

197 1037 255 1069 5a.
284 1036 383 1076 Cujus
409 1046 470 1078 pro
495 1038 625 1070 nomine
650 1037 792 1072 minaces
902 1038 961 1073 5b.
987 1039 1096 1079 Atque
1121 1049 1321 1080 purpureum
1341 1043 1505 1082 postremo

280 1085 316 1117 in
341 1083 477 1118 fornace
988 1087 1168 1120 decollatus

281 1131 429 1166 flammas
451 1142 627 1174 perpessus
987 1133 1128 1168 fundens
1152 1145 1309 1176 cruorem,

195 1191 253 1226 6a.
282 1191 384 1224 Senos
409 1192 545 1232 insuper
902 1192 962 1226 6b.
985 1193 1121 1225 Festum
1146 1193 1271 1234 pariter

277 1238 382 1272 socios
986 1242 1193 1282 Acutumque

278 1287 424 1321 Sossium
450 1290 484 1320 et
507 1288 683 1321 Proculum
985 1289 1197 1322 Desiderium
1222 1298 1332 1323 secum

273 1339 486 1378 sanctumque
510 1336 737 1381 Euty-chaom,
982 1337 1124 1371 adscivit
1148 1338 1279 1373 Christo
1304 1339 1394 1373 Jesu.

193 1396 252 1429 7a.
279 1395 484 1428 Fortunatae
899 1398 918 1431 7
926 1396 959 1430 b.
986 1396 1034 1428 Te
1059 1398 1219 1438 petentes,

275 1444 343 1476 suis
368 1452 441 1477 cum
465 1442 623 1477 fratribus
981 1447 1020 1477 ut
1045 1453 1117 1478 cum
1141 1445 1193 1478 his
1219 1445 1367 1478 omnibus

278 1491 365 1525 festa
388 1493 485 1526 simul
984 1493 1105 1526 Christi
1130 1493 1225 1527 nobis

275 1541 550 1582 concelebremu5‚
982 1542 1120 1584 gratiam
1147 1551 1274 1586 poscas,

690 1602 723 1635 8.
750 1601 853 1634 Beate
879 1601 901 1635 J
902 1601 1027 1634 anuari.

267 1676 342 1705 Glm.
362 1677 537 1705 Monaeens.
557 1676 608 1713 (ol.
623 1676 826 1714 Tegrinsens.)
848 1674 883 1705 18
892 1675 949 1706 955
970 1685 1047 1706 saec.
1065 1676 1109 1706 11.
1135 1694 1164 1698 —
1189 1677 1274 1706 Mel-2
1298 1677 1477 1706 Romana:
1498 1690 1538 1694 —

186 1713 240 1751 6b,
266 1714 285 1745 3
306 1724 351 1751 sq.
373 1716 504 1744 adscivit
523 1723 624 1744 seeum
644 1716 701 1744 Hs.

619 1848 688 1880 263.
730 1850 775 1881 De
794 1857 836 1881 SS.
858 1847 1091 1881 Innocentibus.

189 1931 248 1965 la.
277 1930 402 1964 Psallat
429 1930 560 1964 Christo
582 1930 722 1973 parvula
894 1931 955 1965 lb.
976 1929 1159 1963 Modulatis
1187 1929 1296 1964 dulcia

272 1987 448 2020 puerorum
474 1979 643 2013 catervula
977 1978 1111 2012 vocibus
1139 1979 1254 2012 dantes
1280 1980 1417 2015 cantica.

187 2039 245 2071 2a.
272 2037 383 2072 Hodie
405 2041 475 2070 tam
498 2046 594 2072 sacra
892 2038 954 2072 ab.
978 2037 1126 2070 Ventura
1151 2037 1262 2071 divina

274 2086 432 2120 solemnia
457 2086 662 2129 redintegrat
978 2094 1062 2127 quae
1085 2085 1223 2127 protulit
1248 2087 1364 2119 notitia

273 2134 352 2168 anni
375 2134 575 2175 volubilitas,
973 2135 1009 2167 in
1033 2143 1113 2168 voce
1138 2133 1341 2175 prophetica.

186 2195 245 2229 32.
273 2193 340 2227 Sed
364 2193 488 2227 Christi
512 2192 588 2225 dum
613 2190 754 2226 infantia
892 2193 952 2229 3b.
974 2191 1124 2226 Herodes
1150 2195 1183 2225 et
1205 2202 1322 2227 saevus
1349 2203 1449 2238 regna

272 2241 372 2275 terris
397 2243 562 2283 praeerat,
978 2245 1057 2275 tunc
1081 2241 1222 2276 ,Iudaica

270 2291 410 2333 impleta
434 2292 511 2323 sunt
536 2290 654 2323 omnia.
979 2290 1148 2323 obtinebat
1172 2292 1348 2325 tetrarcha.

185 2352 245 2386 4a.
274 2350 370 2384 Solus
397 2351 514 2383 cuneta
539 2349 596 2391 qui
616 2351 749 2389 sceptra
890 2348 953 2383 4b.
978 2346 1100 2382 Infelix
1126 2351 1271 2383 metuens
1297 2361 1355 2384 sua

269 2403 399 2442 regeret
424 2408 486 2441 per
510 2397 700 2440 potentiam,
974 2397 1116 2439 perdere
1139 2398 1307 2443 regimina,
