1652 2678
685 99 946 135 —123——

142 195 198 227 5a.
227 195 252 228 Ο
280 195 384 229 dulcis
409 196 569 238 agnicula,
842 197 900 231 5b.
924 196 1034 237 Lapsa
1058 195 1145 229 vitae
1168 196 1295 228 morula

227 244 253 278 O
278 244 413 284 placens
435 245 620 286 juvencula,
926 244 996 278 Fac
1020 245 1063 277 ad
1088 244 1162 285 agni
1188 243 1313 277 fercula

225 292 297 325 Fac
322 302 382 326 nos
407 293 478 325 sine
501 294 629 327 macula
925 292 1057 326 Summa
1080 290 1292 325 tabernacula

276 340 492 375 Pertransire.
974 340 1125 375 Introire.

219 426 339 454 Prosar.
359 435 414 454 ms.
437 426 582 456 Gulielmi
600 427 698 455 Lovel
718 428 790 455 anni
810 423 896 454 1572.
918 425 990 455 Cod.
1010 426 1202 454 Ambianens.
1225 423 1289 454 132.

574 567 638 599 160.
679 567 724 598 Dc
744 568 851 599 saneto
872 567 1042 599 Aichadro.

521 649 552 683 1.
579 648 710 682 Laudes
732 648 814 688 Justi
839 650 1036 690 attollamus,

581 697 651 729 Nos
678 697 732 737 qui
757 697 825 736 ejus
851 697 1049 729 exsultamus

626 744 769 777 Solemni
799 745 965 777 memoria.

164 803 223 835 2a.
252 800 399 834 Christus
424 801 497 842 isto,
524 801 587 833 iste
613 801 742 834 Christo
863 802 924 837 21).
946 802 994 835 Ut
1019 811 1090 835 cum
1115 802 1186 835 Deo
1213 805 1298 835 esset
1323 812 1414 842 unus,

248 849 334 882 Dum
358 849 523 893 laudatur,
550 850 733 882 honoratur.
947 850 1046 883 Venit
1069 850 1133 882 sibi
1157 859 1315 883 summum
1339 860 1452 884 munus

297 897 408 931 Unum
432 901 508 930 sunt
534 897 716 931 concordia.
995 898 1048 931 Ex
1071 898 1174 938 ipsius
1196 899 1310 941 gratia.

165 967 223 999 3a.
249 964 344 1004 Quod
367 967 486 998 natura
510 974 575 998 non
602 965 771 1006 concessit,
865 965 922 999 31).
942 964 978 997 Si
1009 975 1075 998 non
1104 974 1176 997 cam
1204 965 1383 1006 praecessit
1406 974 1472 997 me-

247 1061 301 1095 Ex
328 1060 435 1103 gratia
458 1061 522 1093 sibi
549 1061 655 1102 cessit,
946 1061 1132 1101 Ipsitamen
1141 1017 1475 1094 demussssssffihditUIn

296 1109 369 1141 Nec
392 1109 475 1141 haec
499 1108 563 1141 fuit
586 1118 698 1141 vacua.
996 1109 1114 1150 Opera,
1141 1112 1262 1150 sancte,
1290 1112 1355 1142 tua.

166 1179 224 1211 4a.
248 1176 346 1209 Hunc
372 1176 470 1217 elegit
493 1178 569 1208 ante
593 1175 747 1208 mundum
863 1176 922 1210 4b.
946 1176 1048 1215 Quam
1073 1176 1211 1217 adeptus
1236 1177 1343 1216 prima
1368 1177 1462 1218 stola,

247 1224 293 1258 Et
316 1225 352 1257 111
376 1224 496 1256 mundo
518 1222 598 1256 fecit
613 1224 779 1264 mundum,
946 1224 1021 1257 Jam
1047 1226 1096 1256 est
1121 1223 1225 1257 factus
1250 1225 1405 1257 coelicola

295 1272 343 1306 Ut
368 1272 489 1305 ditaret
512 1272 626 1315 gloria,
1000 1271 1088 1304 Coeli
1113 1272 1176 1304 sibi
1201 1273 1319 1313 patria.

163 1343 219 1374 5a.
246 1339 333 1373 Huic
361 1339 404 1373 ad
429 1341 585 1373 mundum
610 1338 674 1371 fuit
698 1348 781 1371 vena
864 1339 921 1372 5b.
946 1339 1012 1371 Vas
1040 1339 1173 1371 honoris
1199 1339 1318 1371 50110115
1345 1339 1450 1383 datur,

248 1388 451 1422 Anscharius
477 1397 549 1421 cum
573 1388 750 1427 Hermena,
952 1386 1050 1427 Cujus
1077 1387 1191 1419 doctor
1216 1387 1397 1420 admiratur

294 1436 436 1478 Insignis
461 1436 627 1477 prosapia,
997 1435 1175 1476 Ingenium,
1203 1435 1321 1469 studia.

154 1505 212 1539 Ga.
240 1504 358 1544 Spreto
383 1504 504 1536 mundo
531 1504 617 1536 celat,
641 1503 776 1544 caelum,
862 1503 922 1536 eb.
946 1502 1085 1535 Manens
1110 1511 1221 1534 secum
1244 1503 1330 1542 petit.
1347 1503 1474 1545 dextra,

245 1551 355 1592 Major
367 1552 488 1584 mundo
502 1560 562 1593 per
574 1552 660 1585 hunc
673 1552 778 1583 zelum
945 1550 1055 1583 Vitam
1072 1551 1199 1590 quaerit
1210 1551 1269 1583 sed
1287 1561 1351 1584 non
1371 1554 1473 1597 extra,

294 1601 393 1634 Amat
418 1600 592 1643 spiritalia,
992 1600 1100 1632 Intrat
1123 1599 1157 1631 in
1184 1599 1348 1633 coenobia.

164 1669 182 1701 7
191 1678 220 1701 a.
250 1667 328 1702 Cum
354 1669 402 1700 sic
427 1667 534 1701 fervet
558 1669 601 1701 ad
627 1667 775 1710 salutem,
862 1668 880 1700 7
889 1667 921 1701 b.
946 1666 1065 1699 Vocem
1082 1666 1176 1699 audit
1187 1667 1268 1699 haec
1280 1670 1475 1710 monentem,

245 1715 297 1749 De
320 1717 443 1749 virtute
467 1717 500 1749 in
526 1716 680 1749 virtutem
944 1714 1079 1747 Nullum
1104 1715 1195 1747 videt
1219 1714 1281 1747 hoc
1303 1716 1474 1759 dicentem,

295 1763 462 1797 Scandens
489 1765 532 1797 ad
557 1765 718 1805 sublimia,
993 1763 1119 1796 Reddit
1142 1763 1192 1795 his
1217 1763 1395 1803 sequentia.

162 1835 220 1866 Sa.
247 1832 423 1872 Postquam
443 1831 557 1864 doctus
572 1834 621 1864 est
633 1831 776 1873 subesse,
862 1831 920 1864 8b.
944 1830 1144 1863 Philibertus
1167 1838 1261 1871 quem
1285 1832 1475 1874 praecessit,

244 1879 308 1913 Est
333 1882 464 1912 coactus
486 1881 555 1920 jam
580 1888 733 1920 praeesse
947 1878 1005 1911 Cui
1029 1888 1093 1911 non
1117 1878 1225 1919 impar
1250 1879 1303 1911 hic
1320 1881 1476 1913 successit

296 1928 409 1963 Abbas
432 1928 467 1960 in
494 1928 671 1971 Gemetico‚
996 1925 1103 1968 Grege
1126 1927 1161 1959 in
1185 1927 1368 1963 Dominico.

162 1998 219 2031 9a.
246 1995 384 2030 Hostem
409 1996 505 2036 pellit
863 1995 923 2031 9b,
945 1994 984 2027 In
1009 1997 1145 2027 tonsura

244 2044 316 2078 Nec
340 2043 472 2085 fefellit,
947 2042 1068 2076 Contra
1090 2043 1165 2083 jura

295 2092 396 2132 Quem
421 2093 597 2134 praevidit,
994 2091 1034 2124 In
1058 2092 1223 2132 scriptura

290 2141 378 2174 Dum
402 2141 522 2174 recidit
994 2140 1145 2173 Peritura

347 2190 482 2222 Arboris
504 2189 639 2222 sterilia.
1043 2189 1142 2230 Signo
1169 2190 1265 2222 datur
1290 2189 1396 2223 venia.

137 2260 216 2296 lOa.
243 2258 419 2292 Famulatu
443 2257 580 2299 speciali
839 2257 922 2291 10b.
949 2257 1046 2290 Claro
1070 2259 1174 2289 tectus
1201 2257 1296 2299 globo
1321 2258 1415 2302 ignis,

242 2307 299 2341 Sol
325 2306 491 2340 subservit
517 2305 654 2347 digitali,
946 2305 1007 2339 His
1032 2308 1064 2338 et
1088 2306 1188 2338 tantis
1209 2304 1337 2347 fulgens
1363 2307 1474 2350 signis,

241 2357 363 2390 Patent
388 2364 464 2396 erg-o
490 2355 582 2397 signo
608 2355 668 2388 tali
946 2353 1054 2396 Coelo,
1081 2356 1171 2387 terra
1194 2354 1233 2388 fit
1256 2355 1391 2398 insignis

290 2404 452 2438 Aichadri
478 2403 604 2437 merita.
995 2403 1072 2438 Vita
1097 2403 1167 2436 Deo
1194 2403 1324 2445 placita.
