1652 2678
723 91 958 129 -45-

566 197 614 229 55.
653 197 688 229 111
708 195 914 230 Dedicatione
932 197 1106 230 Ecclesiae.

190 278 250 311 la.
278 277 423 319 Virginis
448 280 562 312 matris
587 289 692 313 annua

274 326 431 359 ecclesiae
459 328 617 361 solemnia

188 395 245 428 Za.
273 394 373 434 Quam
397 396 487 435 parit
505 395 637 429 assidua

274 442 454 476 divinitatis
480 444 586 486 gratia

186 511 246 544 3a.
272 510 368 544 Hanc
390 512 504 545 mundi
528 513 699 546 vernantia

273 558 484 600 designavere
503 560 694 602 primordia,

184 628 243 659 4a.
271 626 376 666 Hujus
401 627 537 668 insignis
563 628 667 668 gratia

269 674 345 707 olim
374 678 568 715 praenotata

271 725 320 754 est
344 723 378 754 in
404 732 491 764 arca,

184 791 242 824 5a.
268 789 356 823 Huic
381 791 513 824 veniens
541 790 581 824 de
604 790 691 824 Saba

265 838 403 879 mystice

267 885 487 920 conformatur
512 887 634 929 regina,

182 955 241 988 6a.
269 954 342 988 Tali
368 955 533 996 signorum
556 953 661 996 figura

265 1003 387 1036 mundo
413 1004 547 1036 coelitus
575 1003 691 1036 emissa

182 1071 240 1105 7a.
268 1070 396 1104 Dilexit
417 1071 502 1103 hanc

265 1128 324 1152 sua
347 1119 574 1152 misericordia

179 1187 236 1220 Sa.
263 1186 428 1220 Mundans
455 1195 524 1219 eam

264 1235 428 1275 sanguinis
455 1237 488 1267 et
511 1233 596 1267 sacri
620 1232 720 1266 fontis

261 1283 376 1325 gratia,

177 1351 234 1383 9a.
264 1350 311 1385 Ut
339 1352 452 1390 posset
476 1351 546 1383 sine
569 1350 696 1382 macula

257 1398 308 1431 1111
338 1399 447 1439 aptari
471 1407 600 1440 sponsa,

151 1466 168 1500 1
176 1467 196 1500 O
204 1475 233 1499 a.
260 1467 333 1500 Rex
347 1466 484 1508 Christe,
500 1469 635 1508 protege
646 1467 681 1499 in
689 1469 789 1508 terra,

259 1523 338 1556 quos
365 1515 473 1548 adhuc
498 1524 627 1557 gemens
650 1518 707 1549 tua

258 1563 348 1605 parit
371 1573 502 1604 sponsa,

150 1632 233 1666 lla.
258 1631 307 1666 Ut
329 1632 373 1664 sit
397 1633 512 1665 audire
538 1641 609 1665 cum
634 1632 713 1665 illa:

257 1681 348 1714 Audi
374 1684 407 1713 et
432 1681 518 1721 vide,
545 1680 622 1725 filia,

888 279 947 314 lb.
967 280 1111 322 Virginis
1137 280 1238 321 prolis
1262 280 1391 323 integra

969 328 1175 370 magnificent
1199 329 1401 372 praecordia,

886 397 946 430 2b.
969 397 1067 430 Haud
1093 406 1251 438 quaquam
1276 396 1465 438 serpentina

972 446 1240 487 corrumpendam
1269 446 1399 479 astutia.

886 512 947 547 3b.
971 514 1050 547 Cum
1077 522 1116 546 ex
1142 513 1321 546 dormiente
1345 512 1452 546 Adam

970 561 1058 594 Deus
1085 561 1238 595 formavit
1263 560 1426 594 feminam.

885 628 946 662 4b.
968 629 1023 662 Ad
1050 638 1144 670 quam
1169 629 1259 669 pacis
1286 630 1404 663 olivam

969 677 1118 710 columba
1144 677 1260 710 detulit

971 726 1013 758 ad
1039 733 1219 767 vesperam.

889 791 949 826 5b.
973 792 1074 832 Quam
1099 794 1278 833 sapientiae
1303 795 1432 827 avidam

969 841 1120 874 Salomon

965 890 1097 930 reliquit
1119 889 1292 930 stupidam.

882 957 941 991 61).
965 957 1065 1000 Deus⁷
1097 956 1152 998 qui
1177 955 1255 989 fecit,
1280 957 1396 997 omnia,

965 1008 1059 1038 natus
1084 1013 1180 1038 carne
1205 1005 1360 1046 virginea,

882 1072 939 1106 7b.
967 1073 1012 1105 Et
1036 1072 1177 1105 salvavit

962 1121 1108 1153 bonitate
1134 1121 1286 1161 gratuita,

878 1188 937 1222 8b.
962 1188 1088 1221 Ornans
1115 1196 1185 1219 eam

960 1235 1038 1279 fide,
1065 1244 1124 1277 spe
1150 1239 1182 1268 et
1208 1236 1343 1268 caritate

960 1285 1098 1327 gemina.

878 1351 938 1385 9b.
960 1353 1021 1393 Qui
1046 1360 1126 1393 prae
1150 1350 1229 1384 filiis
1254 1351 1418 1385 hominum

962 1403 1011 1433 est
1036 1400 1202 1442 speciosus
1228 1399 1344 1434 forma.

853 1467 936 1502 lOb.
957 1469 1003 1501 Et
1029 1467 1199 1501 defunctos
1225 1477 1262 1501 eo
1287 1469 1432 1510 subleva,

958 1526 1021 1558 qua
1046 1518 1090 1551 ad
1117 1517 1284 1550 dexteram
1310 1518 1410 1550 stabit

958 1566 1040 1598 haec
1064 1565 1188 1609 regina,

852 1633 935 1667 111).
959 1633 1065 1666 Deum
1090 1634 1123 1667 in
1149 1643 1207 1666 sua
1232 1632 1337 1675 gloria

958 1691 1018 1723 per
1041 1682 1170 1715 infinita
1195 1682 1333 1714 saecula.

227 1766 298 1796 God.
323 1766 485 1796 Oxoniens.
506 1767 590 1797 Bodl.
612 1766 668 1795 572
690 1768 756 1796 add.
777 1777 854 1797 saec.
874 1765 951 1796 ¹1l12.
971 1783 1011 1787 —
1032 1767 1084 1806 6a,
1106 1766 1124 1796 2
1146 1769 1265 1796 amissa.

552 1899 598 1933 56.
641 1900 677 1932 111
696 1899 906 1934 Dedicatione
925 1899 1100 1933 Ecclesiae.

528 1982 559 2016 1.
586 1981 757 2014 Altissime
781 1983 861 2017 Jesu
888 1982 1024 2022 Christe,

585 2030 640 2071 qui
667 2031 819 2073 dignatus
846 2040 879 2063 es
905 2031 1027 2064 munda

169 2099 228 2133 29..
254 2099 307 2132 Ex
331 2098 457 2139 virgine
481 2098 590 2132 Maria

256 2155 385 2181 carnem
410 2150 554 2181 nostram

254 2204 382 2229 sumere
405 2195 656 2237 immaculatam,

167 2267 225 2301 3a.
253 2266 304 2299 Tu
334 2266 448 2297 nostra
473 2264 613 2298 visitasti

251 2312 393 2357 infirma⁷

249 2366 288 2397 ut
310 2361 456 2396 infirmas

251 2421 351 2447 sanus
378 2420 511 2447 curares
536 2411 670 2447 animas.

873 2100 932 2134 2b.
956 2100 1006 2133 Tu
1030 2109 1091 2141 per
1116 2098 1270 2133 feminam
1295 2109 1434 2135 renovas

957 2158 1087 2182 carnem
1113 2151 1267 2190 nostram,

957 2207 1039 2239 quae
1064 2197 1209 2239 perierat
1232 2207 1292 2238 pei·
1315 2198 1430 2232 Evam.

871 2266 931 2302 3b.
953 2266 1039 2299 Nam
1073 2275 1265 2308 quamquam
1289 2267 1323 2300 in
1348 2268 1489 2303 humana

953 2319 1071 2348 natura

955 2364 1149 2406 apparebas,

954 2416 1064 2447 tamen
1091 2413 1225 2447 carebas
1250 2416 1388 2450 macula.
