<?xml version="1.0" encoding="UTF-8"?>
<!DOCTYPE html PUBLIC "-//W3C//DTD XHTML 1.0 Transitional//EN"
    "http://www.w3.org/TR/xhtml1/DTD/xhtml1-transitional.dtd">
<html xmlns="http://www.w3.org/1999/xhtml" xml:lang="en" lang="en">
 <head>
  <title>
</title>
<meta http-equiv="Content-Type" content="text/html;charset=utf-8" />
  <meta name='ocr-system' content='tesseract 3.04.00' />
  <meta name='ocr-capabilities' content='ocr_page ocr_carea ocr_par ocr_line ocrx_word'/>
</head>
<body>
  <div class='ocr_page' id='page_1' title='image "./analectahymnica10drevuoft_00074.png"; bbox 0 0 1652 2678; ppageno 0'>
   <div class='ocr_carea' id='block_1_1' title="bbox 192 347 250 381">
    <p class='ocr_par' dir='ltr' id='par_1_1' title="bbox 192 347 250 381">
     <span class='ocr_line' id='line_1_1' title="bbox 192 347 250 381; baseline 0.034 -2"><span class='ocrx_word' id='word_1_1' title='bbox 192 347 250 381; x_wconf 70' lang='lat' dir='ltr'>Za.</span> 
     </span>
    </p>
   </div>
   <div class='ocr_carea' id='block_1_2' title="bbox 192 464 249 496">
    <p class='ocr_par' dir='ltr' id='par_1_2' title="bbox 192 464 249 496">
     <span class='ocr_line' id='line_1_2' title="bbox 192 464 249 496; baseline -0.035 0"><span class='ocrx_word' id='word_1_2' title='bbox 192 464 249 496; x_wconf 64' lang='grc' dir='ltr'>δα.</span> 
     </span>
    </p>
   </div>
   <div class='ocr_carea' id='block_1_3' title="bbox 190 629 248 661">
    <p class='ocr_par' dir='ltr' id='par_1_3' title="bbox 190 629 248 661">
     <span class='ocr_line' id='line_1_3' title="bbox 190 629 248 661; baseline 0.017 -1"><span class='ocrx_word' id='word_1_3' title='bbox 190 629 248 661; x_wconf 86' lang='lat' dir='ltr'>4a.</span> 
     </span>
    </p>
   </div>
   <div class='ocr_carea' id='block_1_4' title="bbox 190 745 249 778">
    <p class='ocr_par' dir='ltr' id='par_1_4' title="bbox 190 745 249 778">
     <span class='ocr_line' id='line_1_4' title="bbox 190 745 249 778; baseline 0 -1"><span class='ocrx_word' id='word_1_4' title='bbox 190 745 249 778; x_wconf 84' lang='lat' dir='ltr'>5a.</span> 
     </span>
    </p>
   </div>
   <div class='ocr_carea' id='block_1_5' title="bbox 189 860 245 893">
    <p class='ocr_par' dir='ltr' id='par_1_5' title="bbox 189 860 245 893">
     <span class='ocr_line' id='line_1_5' title="bbox 189 860 245 893; baseline 0 0"><span class='ocrx_word' id='word_1_5' title='bbox 189 860 245 893; x_wconf 83' lang='lat' dir='ltr'>6a.</span> 
     </span>
    </p>
   </div>
   <div class='ocr_carea' id='block_1_6' title="bbox 610 198 1110 232">
    <p class='ocr_par' dir='ltr' id='par_1_6' title="bbox 610 198 1110 232">
     <span class='ocr_line' id='line_1_6' title="bbox 610 198 1110 232; baseline -0.004 -1"><span class='ocrx_word' id='word_1_6' title='bbox 610 199 658 231; x_wconf 72' lang='lat'>83.</span> <span class='ocrx_word' id='word_1_7' title='bbox 696 199 731 232; x_wconf 83' lang='lat' dir='ltr'>In</span> <span class='ocrx_word' id='word_1_8' title='bbox 751 199 1002 232; x_wconf 75' lang='lat' dir='ltr'>Annuntiaticne</span> <span class='ocrx_word' id='word_1_9' title='bbox 1021 198 1110 230; x_wconf 72' lang='lat' dir='ltr'>BMV.</span> 
     </span>
    </p>
   </div>
   <div class='ocr_carea' id='block_1_7' title="bbox 715 279 1021 320">
    <p class='ocr_par' dir='ltr' id='par_1_7' title="bbox 715 279 1021 320">
     <span class='ocr_line' id='line_1_7' title="bbox 715 279 1021 320; baseline -0.007 -7"><span class='ocrx_word' id='word_1_10' title='bbox 715 281 746 313; x_wconf 84' lang='lat'>1.</span> <span class='ocrx_word' id='word_1_11' title='bbox 774 279 893 313; x_wconf 81' lang='lat' dir='ltr'>Sancta</span> <span class='ocrx_word' id='word_1_12' title='bbox 917 279 1021 320; x_wconf 84' lang='lat' dir='ltr'>virgo,</span> 
     </span>
    </p>
   </div>
   <div class='ocr_carea' id='block_1_8' title="bbox 275 346 602 497">
    <p class='ocr_par' dir='ltr' id='par_1_8' title="bbox 275 346 602 497">
     <span class='ocr_line' id='line_1_8' title="bbox 277 346 602 379; baseline 0 0"><span class='ocrx_word' id='word_1_13' title='bbox 277 346 341 379; x_wconf 91' lang='lat' dir='ltr'>Dei</span> <span class='ocrx_word' id='word_1_14' title='bbox 364 349 468 379; x_wconf 85' lang='lat' dir='ltr'>mater</span> <span class='ocrx_word' id='word_1_15' title='bbox 493 347 602 379; x_wconf 84' lang='lat' dir='ltr'>Maria</span> 
     </span>
     <span class='ocr_line' id='line_1_9' title="bbox 275 395 443 436; baseline 0 -9"><span class='ocrx_word' id='word_1_16' title='bbox 275 395 443 436; x_wconf 81' lang='lat' dir='ltr'>unigeniti,</span> 
     </span>
     <span class='ocr_line' id='line_1_10' title="bbox 277 463 550 497; baseline 0.004 -2"><span class='ocrx_word' id='word_1_17' title='bbox 277 463 333 497; x_wconf 88' lang='lat' dir='ltr'>Ad</span> <span class='ocrx_word' id='word_1_18' title='bbox 358 466 392 496; x_wconf 86' lang='lat' dir='ltr'>te</span> <span class='ocrx_word' id='word_1_19' title='bbox 418 463 550 496; x_wconf 83' lang='lat' dir='ltr'>Gabriel</span> 
     </span>
    </p>
   </div>
   <div class='ocr_carea' id='block_1_9' title="bbox 275 512 641 601">
    <p class='ocr_par' dir='ltr' id='par_1_9' title="bbox 275 512 641 601">
     <span class='ocr_line' id='line_1_11' title="bbox 275 512 490 545; baseline 0 -1"><span class='ocrx_word' id='word_1_20' title='bbox 275 512 394 545; x_wconf 86' lang='lat' dir='ltr'>missus</span> <span class='ocrx_word' id='word_1_21' title='bbox 419 515 490 545; x_wconf 83' lang='lat' dir='ltr'>erat</span> 
     </span>
     <span class='ocr_line' id='line_1_12' title="bbox 275 560 641 601; baseline -0.003 -8"><span class='ocrx_word' id='word_1_22' title='bbox 275 561 380 601; x_wconf 77' lang='lat' dir='ltr'>patris</span> <span class='ocrx_word' id='word_1_23' title='bbox 406 560 469 593; x_wconf 89' lang='lat' dir='ltr'>Dei</span> <span class='ocrx_word' id='word_1_24' title='bbox 491 569 641 593; x_wconf 89' lang='lat' dir='ltr'>munere:</span> 
     </span>
    </p>
   </div>
   <div class='ocr_carea' id='block_1_10' title="bbox 276 627 581 716">
    <p class='ocr_par' dir='ltr' id='par_1_10' title="bbox 276 627 581 716">
     <span class='ocr_line' id='line_1_13' title="bbox 276 627 581 669; baseline 0 -9"><span class='ocrx_word' id='word_1_25' title='bbox 276 627 328 660; x_wconf 87' lang='lat' dir='ltr'>Ne</span> <span class='ocrx_word' id='word_1_26' title='bbox 352 628 430 669; x_wconf 86' lang='lat' dir='ltr'>quid</span> <span class='ocrx_word' id='word_1_27' title='bbox 455 628 581 669; x_wconf 77' lang='lat' dir='ltr'>tin1eaS‚</span> 
     </span>
     <span class='ocr_line' id='line_1_14' title="bbox 276 676 568 716; baseline 0 -8"><span class='ocrx_word' id='word_1_28' title='bbox 276 676 364 716; x_wconf 79' lang='lat' dir='ltr'>patri</span> <span class='ocrx_word' id='word_1_29' title='bbox 391 676 568 715; x_wconf 87' lang='lat' dir='ltr'>carissima,</span> 
     </span>
    </p>
   </div>
   <div class='ocr_carea' id='block_1_11' title="bbox 272 744 721 826">
    <p class='ocr_par' dir='ltr' id='par_1_11' title="bbox 272 744 721 826">
     <span class='ocr_line' id='line_1_15' title="bbox 275 744 721 787; baseline 0.002 -11"><span class='ocrx_word' id='word_1_30' title='bbox 275 744 390 777; x_wconf 84' lang='lat' dir='ltr'>Paries</span> <span class='ocrx_word' id='word_1_31' title='bbox 417 744 578 777; x_wconf 87' lang='lat' dir='ltr'>coelorum</span> <span class='ocrx_word' id='word_1_32' title='bbox 605 752 721 787; x_wconf 68' lang='lat' dir='ltr'>regem,</span> 
     </span>
     <span class='ocr_line' id='line_1_16' title="bbox 272 792 630 826; baseline 0.003 -2"><span class='ocrx_word' id='word_1_33' title='bbox 272 792 428 825; x_wconf 87' lang='lat' dir='ltr'>Messiam</span> <span class='ocrx_word' id='word_1_34' title='bbox 456 792 630 826; x_wconf 87' lang='lat' dir='ltr'>dominum.</span> 
     </span>
    </p>
   </div>
   <div class='ocr_carea' id='block_1_12' title="bbox 273 859 515 901">
    <p class='ocr_par' dir='ltr' id='par_1_12' title="bbox 273 859 515 901">
     <span class='ocr_line' id='line_1_17' title="bbox 273 859 515 901; baseline 0 -8"><span class='ocrx_word' id='word_1_35' title='bbox 273 859 319 893; x_wconf 77' lang='lat' dir='ltr'>Et</span> <span class='ocrx_word' id='word_1_36' title='bbox 342 869 403 901; x_wconf 86' lang='lat' dir='ltr'>pro</span> <span class='ocrx_word' id='word_1_37' title='bbox 428 859 515 901; x_wconf 88' lang='lat' dir='ltr'>filiis,</span> 
     </span>
    </p>
   </div>
   <div class='ocr_carea' id='block_1_13' title="bbox 272 907 626 994">
    <p class='ocr_par' dir='ltr' id='par_1_13' title="bbox 272 907 626 994">
     <span class='ocr_line' id='line_1_18' title="bbox 272 907 593 949; baseline 0.003 -9"><span class='ocrx_word' id='word_1_38' title='bbox 272 907 363 941; x_wconf 89' lang='lat' dir='ltr'>fonte</span> <span class='ocrx_word' id='word_1_39' title='bbox 387 908 593 949; x_wconf 80' lang='lat' dir='ltr'>baptismatis</span> 
     </span>
     <span class='ocr_line' id='line_1_19' title="bbox 273 958 626 994; baseline 0 -5"><span class='ocrx_word' id='word_1_40' title='bbox 273 966 365 990; x_wconf 83' lang='lat' dir='ltr'>sacro</span> <span class='ocrx_word' id='word_1_41' title='bbox 388 960 425 989; x_wconf 75' lang='lat' dir='ltr'>ut</span> <span class='ocrx_word' id='word_1_42' title='bbox 448 958 626 994; x_wconf 80' lang='lat' dir='ltr'>salventur,</span> 
     </span>
    </p>
   </div>
   <div class='ocr_carea' id='block_1_14' title="bbox 894 346 1356 430">
    <p class='ocr_par' dir='ltr' id='par_1_14' title="bbox 894 346 1356 430">
     <span class='ocr_line' id='line_1_20' title="bbox 894 346 1356 388; baseline -0.002 -8"><span class='ocrx_word' id='word_1_43' title='bbox 894 346 953 380; x_wconf 85' lang='lat' dir='ltr'>2b.</span> <span class='ocrx_word' id='word_1_44' title='bbox 977 346 1076 386; x_wconf 84' lang='lat' dir='ltr'>Coeli,</span> <span class='ocrx_word' id='word_1_45' title='bbox 1102 350 1210 380; x_wconf 82' lang='lat' dir='ltr'>terrae</span> <span class='ocrx_word' id='word_1_46' title='bbox 1234 347 1356 388; x_wconf 85' lang='lat' dir='ltr'>regina,</span> 
     </span>
     <span class='ocr_line' id='line_1_21' title="bbox 975 395 1209 430; baseline 0.004 -2"><span class='ocrx_word' id='word_1_47' title='bbox 975 395 1045 428; x_wconf 87' lang='lat' dir='ltr'>sola</span> <span class='ocrx_word' id='word_1_48' title='bbox 1070 395 1209 430; x_wconf 82' lang='lat' dir='ltr'>domina.</span> 
     </span>
    </p>
   </div>
   <div class='ocr_carea' id='block_1_15' title="bbox 894 463 1371 602">
    <p class='ocr_par' dir='ltr' id='par_1_15' title="bbox 894 463 1371 602">
     <span class='ocr_line' id='line_1_22' title="bbox 894 463 1202 504; baseline 0 -7"><span class='ocrx_word' id='word_1_49' title='bbox 894 463 954 498; x_wconf 81' lang='lat' dir='ltr'>3b.</span> <span class='ocrx_word' id='word_1_50' title='bbox 976 464 1059 504; x_wconf 87' lang='lat' dir='ltr'>Ave,</span> <span class='ocrx_word' id='word_1_51' title='bbox 1083 463 1202 504; x_wconf 84' lang='lat' dir='ltr'>Maria,</span> 
     </span>
     <span class='ocr_line' id='line_1_23' title="bbox 978 512 1181 552; baseline 0.005 -8"><span class='ocrx_word' id='word_1_52' title='bbox 978 512 1181 552; x_wconf 87' lang='lat' dir='ltr'>omnipotens</span> 
     </span>
     <span class='ocr_line' id='line_1_24' title="bbox 977 561 1371 602; baseline 0.005 -10"><span class='ocrx_word' id='word_1_53' title='bbox 977 569 1105 601; x_wconf 84' lang='lat' dir='ltr'><strong>semper</strong></span> <span class='ocrx_word' id='word_1_54' title='bbox 1129 565 1246 601; x_wconf 88' lang='lat' dir='ltr'>tecum,</span> <span class='ocrx_word' id='word_1_55' title='bbox 1270 561 1371 602; x_wconf 87' lang='lat' dir='ltr'>virg0.</span> 
     </span>
    </p>
   </div>
   <div class='ocr_carea' id='block_1_16' title="bbox 892 627 1335 717">
    <p class='ocr_par' dir='ltr' id='par_1_16' title="bbox 892 627 1335 717">
     <span class='ocr_line' id='line_1_25' title="bbox 892 627 1250 670; baseline 0 -9"><span class='ocrx_word' id='word_1_56' title='bbox 892 627 954 661; x_wconf 86' lang='lat' dir='ltr'>4b.</span> <span class='ocrx_word' id='word_1_57' title='bbox 979 628 1092 662; x_wconf 84' lang='lat' dir='ltr'>Sancti</span> <span class='ocrx_word' id='word_1_58' title='bbox 1116 630 1250 670; x_wconf 85' lang='lat' dir='ltr'>spiritus</span> 
     </span>
     <span class='ocr_line' id='line_1_26' title="bbox 974 677 1335 717; baseline 0.006 -9"><span class='ocrx_word' id='word_1_59' title='bbox 974 679 1124 717; x_wconf 83' lang='lat' dir='ltr'>protect-a</span> <span class='ocrx_word' id='word_1_60' title='bbox 1148 677 1335 710; x_wconf 82' lang='lat' dir='ltr'>umbraculo</span> 
     </span>
    </p>
   </div>
   <div class='ocr_carea' id='block_1_17' title="bbox 893 744 1448 835">
    <p class='ocr_par' dir='ltr' id='par_1_17' title="bbox 893 744 1448 835">
     <span class='ocr_line' id='line_1_27' title="bbox 893 744 1448 786; baseline -0.004 -8"><span class='ocrx_word' id='word_1_61' title='bbox 893 744 950 778; x_wconf 88' lang='lat' dir='ltr'>5b.</span> <span class='ocrx_word' id='word_1_62' title='bbox 975 744 1040 777; x_wconf 88' lang='lat' dir='ltr'>Ora</span> <span class='ocrx_word' id='word_1_63' title='bbox 1064 754 1150 778; x_wconf 87' lang='lat' dir='ltr'>nunc</span> <span class='ocrx_word' id='word_1_64' title='bbox 1173 755 1233 786; x_wconf 83' lang='lat' dir='ltr'>pro</span> <span class='ocrx_word' id='word_1_65' title='bbox 1257 746 1448 786; x_wconf 85' lang='lat' dir='ltr'>populorum</span> 
     </span>
     <span class='ocr_line' id='line_1_28' title="bbox 976 793 1276 835; baseline 0.003 -10"><span class='ocrx_word' id='word_1_66' title='bbox 976 793 1081 825; x_wconf 86' lang='lat' dir='ltr'>salute</span> <span class='ocrx_word' id='word_1_67' title='bbox 1105 793 1276 835; x_wconf 80' lang='lat' dir='ltr'>instanter,</span> 
     </span>
    </p>
   </div>
   <div class='ocr_carea' id='block_1_18' title="bbox 893 860 1278 998">
    <p class='ocr_par' dir='ltr' id='par_1_18' title="bbox 893 860 1278 998">
     <span class='ocr_line' id='line_1_29' title="bbox 893 860 1260 901; baseline -0.003 -7"><span class='ocrx_word' id='word_1_68' title='bbox 893 861 951 894; x_wconf 89' lang='lat' dir='ltr'>6b.</span> <span class='ocrx_word' id='word_1_69' title='bbox 974 861 1020 894; x_wconf 78' lang='lat' dir='ltr'>Et</span> <span class='ocrx_word' id='word_1_70' title='bbox 1043 869 1103 901; x_wconf 85' lang='lat' dir='ltr'>pro</span> <span class='ocrx_word' id='word_1_71' title='bbox 1130 860 1260 894; x_wconf 62' lang='lat' dir='ltr'>famulis</span> 
     </span>
     <span class='ocr_line' id='line_1_30' title="bbox 975 909 1278 942; baseline 0.003 -1"><span class='ocrx_word' id='word_1_72' title='bbox 975 909 1039 941; x_wconf 86' lang='lat' dir='ltr'>tuis</span> <span class='ocrx_word' id='word_1_73' title='bbox 1065 909 1127 942; x_wconf 83' lang='lat' dir='ltr'>hoc</span> <span class='ocrx_word' id='word_1_74' title='bbox 1148 910 1183 942; x_wconf 91' lang='lat' dir='ltr'>in</span> <span class='ocrx_word' id='word_1_75' title='bbox 1207 911 1278 942; x_wconf 91' lang='lat' dir='ltr'>loco</span> 
     </span>
     <span class='ocr_line' id='line_1_31' title="bbox 974 958 1234 998; baseline 0.004 -9"><span class='ocrx_word' id='word_1_76' title='bbox 974 958 1234 998; x_wconf 45' lang='lat' dir='ltr'>deprecantibus&gt;</span> 
     </span>
    </p>
   </div>
   <div class='ocr_carea' id='block_1_19' title="bbox 605 1025 1126 1059">
    <p class='ocr_par' dir='ltr' id='par_1_19' title="bbox 605 1025 1126 1059">
     <span class='ocr_line' id='line_1_32' title="bbox 605 1025 1126 1059; baseline 0.002 -2"><span class='ocrx_word' id='word_1_77' title='bbox 605 1025 636 1057; x_wconf 84' lang='lat'>7.</span> <span class='ocrx_word' id='word_1_78' title='bbox 666 1025 805 1059; x_wconf 86' lang='lat' dir='ltr'>Cunctos</span> <span class='ocrx_word' id='word_1_79' title='bbox 830 1025 926 1058; x_wconf 82' lang='lat' dir='ltr'>Jesus</span> <span class='ocrx_word' id='word_1_80' title='bbox 950 1028 988 1057; x_wconf 77' lang='lat' dir='ltr'>ut,</span> <span class='ocrx_word' id='word_1_81' title='bbox 1012 1025 1126 1058; x_wconf 79' lang='lat' dir='ltr'>salvet.</span> 
     </span>
    </p>
   </div>
   <div class='ocr_carea' id='block_1_20' title="bbox 266 1108 1348 1140">
    <p class='ocr_par' dir='ltr' id='par_1_20' title="bbox 266 1108 1348 1140">
     <span class='ocr_line' id='line_1_33' title="bbox 266 1108 1348 1140; baseline -0.002 -1"><span class='ocrx_word' id='word_1_82' title='bbox 266 1110 356 1139; x_wconf 75' lang='lat' dir='ltr'>Grad.</span> <span class='ocrx_word' id='word_1_83' title='bbox 378 1120 432 1138; x_wconf 79' lang='lat' dir='ltr'>ms.</span> <span class='ocrx_word' id='word_1_84' title='bbox 456 1110 556 1139; x_wconf 78' lang='lat' dir='ltr'>Palat.</span> <span class='ocrx_word' id='word_1_85' title='bbox 580 1110 803 1140; x_wconf 83' lang='lat' dir='ltr'>Vindobonens.</span> <span class='ocrx_word' id='word_1_86' title='bbox 826 1108 927 1139; x_wconf 86' lang='lat'>13314</span> <span class='ocrx_word' id='word_1_87' title='bbox 947 1119 1024 1139; x_wconf 74' lang='lat' dir='ltr'>saec.</span> <span class='ocrx_word' id='word_1_88' title='bbox 1047 1109 1092 1138; x_wconf 87' lang='lat'>11.</span> <span class='ocrx_word' id='word_1_89' title='bbox 1115 1112 1181 1139; x_wconf 81' lang='lat' dir='ltr'>add.</span> <span class='ocrx_word' id='word_1_90' title='bbox 1204 1120 1281 1139; x_wconf 64' lang='lat' dir='ltr'>saec.</span> <span class='ocrx_word' id='word_1_91' title='bbox 1304 1110 1348 1140; x_wconf 68' lang='lat'>15.</span> 
     </span>
    </p>
   </div>
   <div class='ocr_carea' id='block_1_21' title="bbox 610 1262 1108 1295">
    <p class='ocr_par' dir='ltr' id='par_1_21' title="bbox 610 1262 1108 1295">
     <span class='ocr_line' id='line_1_34' title="bbox 610 1262 1108 1295; baseline -0.004 -1"><span class='ocrx_word' id='word_1_92' title='bbox 610 1263 659 1294; x_wconf 79' lang='lat'>84.</span> <span class='ocrx_word' id='word_1_93' title='bbox 691 1263 726 1295; x_wconf 86' lang='lat' dir='ltr'>In</span> <span class='ocrx_word' id='word_1_94' title='bbox 746 1262 996 1295; x_wconf 76' lang='lat' dir='ltr'>Annuntiatione</span> <span class='ocrx_word' id='word_1_95' title='bbox 1018 1262 1108 1293; x_wconf 79' lang='lat' dir='ltr'><strong>BMV.</strong></span> 
     </span>
    </p>
   </div>
   <div class='ocr_carea' id='block_1_22' title="bbox 601 1344 1111 1435">
    <p class='ocr_par' dir='ltr' id='par_1_22' title="bbox 601 1344 1111 1435">
     <span class='ocr_line' id='line_1_35' title="bbox 601 1344 1041 1389; baseline -0.002 -12"><span class='ocrx_word' id='word_1_96' title='bbox 601 1346 632 1377; x_wconf 82' lang='lat'>1.</span> <span class='ocrx_word' id='word_1_97' title='bbox 659 1347 742 1387; x_wconf 86' lang='lat' dir='ltr'>Ave,</span> <span class='ocrx_word' id='word_1_98' title='bbox 769 1349 873 1389; x_wconf 67' lang='lat' dir='ltr'>mater</span> <span class='ocrx_word' id='word_1_99' title='bbox 898 1344 1041 1387; x_wconf 73' lang='lat' dir='ltr'>Domini,</span> 
     </span>
     <span class='ocr_line' id='line_1_36' title="bbox 662 1392 1111 1435; baseline -0.007 -8"><span class='ocrx_word' id='word_1_100' title='bbox 662 1395 727 1427; x_wconf 88' lang='lat' dir='ltr'>Per</span> <span class='ocrx_word' id='word_1_101' title='bbox 753 1403 850 1435; x_wconf 86' lang='lat' dir='ltr'>quam</span> <span class='ocrx_word' id='word_1_102' title='bbox 876 1394 963 1426; x_wconf 86' lang='lat' dir='ltr'>salus</span> <span class='ocrx_word' id='word_1_103' title='bbox 989 1392 1111 1425; x_wconf 88' lang='lat' dir='ltr'>homini</span> 
     </span>
    </p>
   </div>
   <div class='ocr_carea' id='block_1_23' title="bbox 184 1510 244 1542">
    <p class='ocr_par' dir='ltr' id='par_1_23' title="bbox 184 1510 244 1542">
     <span class='ocr_line' id='line_1_37' title="bbox 184 1510 244 1542; baseline -0.033 0"><span class='ocrx_word' id='word_1_104' title='bbox 184 1510 244 1542; x_wconf 71' lang='lat' dir='ltr'>Za.</span> 
     </span>
    </p>
   </div>
   <div class='ocr_carea' id='block_1_24' title="bbox 182 1676 242 1710">
    <p class='ocr_par' dir='ltr' id='par_1_24' title="bbox 182 1676 242 1710">
     <span class='ocr_line' id='line_1_38' title="bbox 182 1676 242 1710; baseline -0.033 -2"><span class='ocrx_word' id='word_1_105' title='bbox 182 1676 242 1710; x_wconf 81' lang='lat' dir='ltr'>3a.</span> 
     </span>
    </p>
   </div>
   <div class='ocr_carea' id='block_1_25' title="bbox 179 1841 241 1873">
    <p class='ocr_par' dir='ltr' id='par_1_25' title="bbox 179 1841 241 1873">
     <span class='ocr_line' id='line_1_39' title="bbox 179 1841 241 1873; baseline 0 0"><span class='ocrx_word' id='word_1_106' title='bbox 179 1841 241 1873; x_wconf 83' lang='lat' dir='ltr'>4a.</span> 
     </span>
    </p>
   </div>
   <div class='ocr_carea' id='block_1_26' title="bbox 178 2056 234 2089">
    <p class='ocr_par' dir='ltr' id='par_1_26' title="bbox 178 2056 234 2089">
     <span class='ocr_line' id='line_1_40' title="bbox 178 2056 234 2089; baseline -0.018 0"><span class='ocrx_word' id='word_1_107' title='bbox 178 2056 234 2089; x_wconf 83' lang='lat' dir='ltr'>5a.</span> 
     </span>
    </p>
   </div>
   <div class='ocr_carea' id='block_1_27' title="bbox 176 2226 232 2256">
    <p class='ocr_par' dir='ltr' id='par_1_27' title="bbox 176 2226 232 2256">
     <span class='ocr_line' id='line_1_41' title="bbox 176 2226 232 2256; baseline -0.036 0"><span class='ocrx_word' id='word_1_108' title='bbox 176 2226 232 2256; x_wconf 72' lang='lat' dir='ltr'>fia.</span> 
     </span>
    </p>
   </div>
   <div class='ocr_carea' id='block_1_28' title="bbox 707 1441 1081 1482">
    <p class='ocr_par' dir='ltr' id='par_1_28' title="bbox 707 1441 1081 1482">
     <span class='ocr_line' id='line_1_42' title="bbox 707 1441 1081 1482; baseline -0.003 -7"><span class='ocrx_word' id='word_1_109' title='bbox 707 1443 814 1475; x_wconf 86' lang='lat' dir='ltr'>Datur</span> <span class='ocrx_word' id='word_1_110' title='bbox 840 1445 872 1474; x_wconf 89' lang='lat' dir='ltr'>et</span> <span class='ocrx_word' id='word_1_111' title='bbox 897 1441 1081 1482; x_wconf 85' lang='lat' dir='ltr'>concordia,</span> 
     </span>
    </p>
   </div>
   <div class='ocr_carea' id='block_1_29' title="bbox 268 1510 697 1649">
    <p class='ocr_par' dir='ltr' id='par_1_29' title="bbox 268 1510 697 1649">
     <span class='ocr_line' id='line_1_43' title="bbox 272 1510 697 1552; baseline 0 -9"><span class='ocrx_word' id='word_1_112' title='bbox 272 1510 337 1543; x_wconf 81' lang='lat' dir='ltr'>Per</span> <span class='ocrx_word' id='word_1_113' title='bbox 361 1512 395 1542; x_wconf 80' lang='lat' dir='ltr'>te</span> <span class='ocrx_word' id='word_1_114' title='bbox 420 1510 510 1542; x_wconf 75' lang='lat' dir='ltr'>venit</span> <span class='ocrx_word' id='word_1_115' title='bbox 534 1510 697 1552; x_wconf 81' lang='lat' dir='ltr'>gaudium,</span> 
     </span>
     <span class='ocr_line' id='line_1_44' title="bbox 268 1558 645 1599; baseline 0.003 -9"><span class='ocrx_word' id='word_1_116' title='bbox 268 1558 468 1599; x_wconf 81' lang='lat' dir='ltr'>Reparatrix</span> <span class='ocrx_word' id='word_1_117' title='bbox 493 1559 645 1599; x_wconf 89' lang='lat' dir='ltr'>omnium,</span> 
     </span>
     <span class='ocr_line' id='line_1_45' title="bbox 315 1606 664 1649; baseline 0.003 -10"><span class='ocrx_word' id='word_1_118' title='bbox 315 1606 366 1640; x_wconf 87' lang='lat' dir='ltr'>Sis</span> <span class='ocrx_word' id='word_1_119' title='bbox 392 1607 485 1640; x_wconf 90' lang='lat' dir='ltr'>nobis</span> <span class='ocrx_word' id='word_1_120' title='bbox 510 1608 664 1649; x_wconf 77' lang='lat' dir='ltr'>propitia.</span> 
     </span>
    </p>
   </div>
   <div class='ocr_carea' id='block_1_30' title="bbox 265 1675 713 1813">
    <p class='ocr_par' dir='ltr' id='par_1_30' title="bbox 265 1675 713 1813">
     <span class='ocr_line' id='line_1_46' title="bbox 271 1675 713 1717; baseline 0.002 -8"><span class='ocrx_word' id='word_1_121' title='bbox 271 1675 388 1709; x_wconf 80' lang='lat' dir='ltr'><strong>Statim</strong></span> <span class='ocrx_word' id='word_1_122' title='bbox 413 1679 519 1708; x_wconf 88' lang='lat' dir='ltr'>tecum</span> <span class='ocrx_word' id='word_1_123' title='bbox 545 1675 713 1717; x_wconf 85' lang='lat' dir='ltr'><strong>Dominus,</strong></span> 
     </span>
     <span class='ocr_line' id='line_1_47' title="bbox 265 1724 648 1766; baseline 0.003 -11"><span class='ocrx_word' id='word_1_124' title='bbox 265 1724 468 1757; x_wconf 84' lang='lat' dir='ltr'>Fecundaris</span> <span class='ocrx_word' id='word_1_125' title='bbox 493 1724 648 1766; x_wconf 84' lang='lat' dir='ltr'>cominus,</span> 
     </span>
     <span class='ocr_line' id='line_1_48' title="bbox 316 1772 683 1813; baseline 0.008 -9"><span class='ocrx_word' id='word_1_126' title='bbox 316 1772 388 1804; x_wconf 87' lang='lat' dir='ltr'>Viri</span> <span class='ocrx_word' id='word_1_127' title='bbox 411 1781 540 1813; x_wconf 80' lang='lat' dir='ltr'><strong>semper</strong></span> <span class='ocrx_word' id='word_1_128' title='bbox 564 1773 683 1807; x_wconf 86' lang='lat' dir='ltr'>nescia.</span> 
     </span>
    </p>
   </div>
   <div class='ocr_carea' id='block_1_31' title="bbox 264 1839 680 1930">
    <p class='ocr_par' dir='ltr' id='par_1_31' title="bbox 264 1839 680 1930">
     <span class='ocr_line' id='line_1_49' title="bbox 269 1839 599 1881; baseline 0.003 -9"><span class='ocrx_word' id='word_1_129' title='bbox 269 1839 370 1881; x_wconf 87' lang='lat' dir='ltr'>Signa</span> <span class='ocrx_word' id='word_1_130' title='bbox 394 1848 455 1881; x_wconf 86' lang='lat' dir='ltr'>per</span> <span class='ocrx_word' id='word_1_131' title='bbox 481 1840 599 1873; x_wconf 83' lang='lat' dir='ltr'>eximia</span> 
     </span>
     <span class='ocr_line' id='line_1_50' title="bbox 264 1887 680 1930; baseline 0.002 -9"><span class='ocrx_word' id='word_1_132' title='bbox 264 1888 347 1930; x_wconf 81' lang='lat' dir='ltr'>Rex,</span> <span class='ocrx_word' id='word_1_133' title='bbox 376 1890 431 1930; x_wconf 90' lang='lat' dir='ltr'>qui</span> <span class='ocrx_word' id='word_1_134' title='bbox 457 1887 537 1921; x_wconf 84' lang='lat' dir='ltr'>fecit</span> <span class='ocrx_word' id='word_1_135' title='bbox 562 1890 680 1930; x_wconf 82' lang='lat' dir='ltr'>omnia,</span> 
     </span>
    </p>
   </div>
   <div class='ocr_carea' id='block_1_32' title="bbox 315 1936 686 2020">
    <p class='ocr_par' dir='ltr' id='par_1_32' title="bbox 315 1936 686 2020">
     <span class='ocr_line' id='line_1_51' title="bbox 316 1936 646 1974; baseline 0 -4"><span class='ocrx_word' id='word_1_136' title='bbox 316 1937 473 1972; x_wconf 83' lang='lat' dir='ltr'>Nascitur</span> <span class='ocrx_word' id='word_1_137' title='bbox 501 1938 541 1971; x_wconf 85' lang='lat' dir='ltr'>de</span> <span class='ocrx_word' id='word_1_138' title='bbox 565 1936 646 1974; x_wconf 80' lang='lat' dir='ltr'>filia,</span> 
     </span>
     <span class='ocr_line' id='line_1_52' title="bbox 315 1986 686 2020; baseline 0 -1"><span class='ocrx_word' id='word_1_139' title='bbox 315 1986 498 2020; x_wconf 85' lang='lat' dir='ltr'>Concinunt</span> <span class='ocrx_word' id='word_1_140' title='bbox 523 1987 686 2020; x_wconf 79' lang='lat' dir='ltr'>coelestia.</span> 
     </span>
    </p>
   </div>
   <div class='ocr_carea' id='block_1_33' title="bbox 262 2056 819 2097">
    <p class='ocr_par' dir='ltr' id='par_1_33' title="bbox 262 2056 819 2097">
     <span class='ocr_line' id='line_1_53' title="bbox 262 2056 819 2097; baseline 0.002 -10"><span class='ocrx_word' id='word_1_141' title='bbox 262 2056 388 2090; x_wconf 80' lang='lat' dir='ltr'>Auctor</span> <span class='ocrx_word' id='word_1_142' title='bbox 413 2056 500 2088; x_wconf 88' lang='lat' dir='ltr'>vitae</span> <span class='ocrx_word' id='word_1_143' title='bbox 523 2058 656 2097; x_wconf 80' lang='lat' dir='ltr'>gustans</span> <span class='ocrx_word' id='word_1_144' title='bbox 682 2060 819 2090; x_wconf 89' lang='lat' dir='ltr'>mortem</span> 
     </span>
    </p>
   </div>
   <div class='ocr_carea' id='block_1_34' title="bbox 262 2103 739 2196">
    <p class='ocr_par' dir='ltr' id='par_1_34' title="bbox 262 2103 739 2196">
     <span class='ocr_line' id='line_1_54' title="bbox 262 2103 739 2154; baseline 0.004 -18"><span class='ocrx_word' id='word_1_145' title='bbox 262 2103 344 2154; x_wconf 72' lang='lat' dir='ltr'>Jure</span> <span class='ocrx_word' id='word_1_146' title='bbox 368 2105 427 2137; x_wconf 79' lang='lat' dir='ltr'>tali</span> <span class='ocrx_word' id='word_1_147' title='bbox 453 2104 594 2145; x_wconf 84' lang='lat' dir='ltr'>perdens</span> <span class='ocrx_word' id='word_1_148' title='bbox 621 2103 739 2138; x_wconf 87' lang='lat' dir='ltr'>fortem</span> 
     </span>
     <span class='ocr_line' id='line_1_55' title="bbox 311 2153 694 2196; baseline 0.005 -11"><span class='ocrx_word' id='word_1_149' title='bbox 311 2153 423 2194; x_wconf 72' lang='lat' dir='ltr'>Surgit</span> <span class='ocrx_word' id='word_1_150' title='bbox 449 2162 520 2185; x_wconf 89' lang='lat' dir='ltr'>cum</span> <span class='ocrx_word' id='word_1_151' title='bbox 546 2153 694 2196; x_wconf 83' lang='lat' dir='ltr'>victoria,</span> 
     </span>
    </p>
   </div>
   <div class='ocr_carea' id='block_1_35' title="bbox 256 2222 705 2460">
    <p class='ocr_par' dir='ltr' id='par_1_35' title="bbox 256 2222 705 2460">
     <span class='ocr_line' id='line_1_56' title="bbox 259 2222 485 2262; baseline 0.004 -8"><span class='ocrx_word' id='word_1_152' title='bbox 259 2222 334 2255; x_wconf 82' lang='lat' dir='ltr'>Hac</span> <span class='ocrx_word' id='word_1_153' title='bbox 359 2222 485 2262; x_wconf 83' lang='lat' dir='ltr'>sophia,</span> 
     </span>
     <span class='ocr_line' id='line_1_57' title="bbox 258 2271 453 2314; baseline -0.01 -9"><span class='ocrx_word' id='word_1_154' title='bbox 258 2271 360 2314; x_wconf 86' lang='lat' dir='ltr'>Virgo</span> <span class='ocrx_word' id='word_1_155' title='bbox 385 2272 453 2312; x_wconf 89' lang='lat' dir='ltr'>pia,</span> 
     </span>
     <span class='ocr_line' id='line_1_58' title="bbox 258 2320 429 2362; baseline -0.006 -8"><span class='ocrx_word' id='word_1_156' title='bbox 258 2321 284 2354; x_wconf 95' lang='lat' dir='ltr'>O</span> <span class='ocrx_word' id='word_1_157' title='bbox 310 2320 429 2362; x_wconf 84' lang='lat' dir='ltr'>Maria,</span> 
     </span>
     <span class='ocr_line' id='line_1_59' title="bbox 256 2369 440 2411; baseline 0 -8"><span class='ocrx_word' id='word_1_158' title='bbox 256 2369 354 2404; x_wconf 81' lang='lat' dir='ltr'>Vitae</span> <span class='ocrx_word' id='word_1_159' title='bbox 377 2370 440 2411; x_wconf 81' lang='lat' dir='ltr'>via,</span> 
     </span>
     <span class='ocr_line' id='line_1_60' title="bbox 305 2418 705 2460; baseline 0.003 -8"><span class='ocrx_word' id='word_1_160' title='bbox 305 2419 429 2452; x_wconf 84' lang='lat' dir='ltr'>Nostra</span> <span class='ocrx_word' id='word_1_161' title='bbox 455 2428 565 2452; x_wconf 87' lang='lat' dir='ltr'>manes</span> <span class='ocrx_word' id='word_1_162' title='bbox 590 2418 705 2460; x_wconf 87' lang='lat' dir='ltr'>gloria.</span> 
     </span>
    </p>
   </div>
   <div class='ocr_carea' id='block_1_36' title="bbox 895 1509 1419 1650">
    <p class='ocr_par' dir='ltr' id='par_1_36' title="bbox 895 1509 1419 1650">
     <span class='ocr_line' id='line_1_61' title="bbox 895 1509 1331 1550; baseline 0 -8"><span class='ocrx_word' id='word_1_163' title='bbox 895 1509 953 1542; x_wconf 85' lang='lat' dir='ltr'>2b.</span> <span class='ocrx_word' id='word_1_164' title='bbox 978 1509 1054 1541; x_wconf 90' lang='lat' dir='ltr'>Tibi</span> <span class='ocrx_word' id='word_1_165' title='bbox 1081 1509 1164 1542; x_wconf 82' lang='lat' dir='ltr'>dixit</span> <span class='ocrx_word' id='word_1_166' title='bbox 1189 1510 1331 1550; x_wconf 85' lang='lat' dir='ltr'>nuntius,</span> 
     </span>
     <span class='ocr_line' id='line_1_62' title="bbox 977 1558 1419 1591; baseline -0.002 0"><span class='ocrx_word' id='word_1_167' title='bbox 977 1558 1072 1591; x_wconf 83' lang='lat' dir='ltr'>Pacis</span> <span class='ocrx_word' id='word_1_168' title='bbox 1097 1562 1229 1591; x_wconf 85' lang='lat' dir='ltr'>nostrae</span> <span class='ocrx_word' id='word_1_169' title='bbox 1254 1559 1419 1590; x_wconf 88' lang='lat' dir='ltr'>conscius:</span> 
     </span>
     <span class='ocr_line' id='line_1_63' title="bbox 1023 1607 1363 1650; baseline 0 -11"><span class='ocrx_word' id='word_1_170' title='bbox 1023 1607 1096 1639; x_wconf 86' lang='lat' dir='ltr'>Ave</span> <span class='ocrx_word' id='word_1_171' title='bbox 1124 1608 1222 1648; x_wconf 83' lang='lat' dir='ltr'>plena</span> <span class='ocrx_word' id='word_1_172' title='bbox 1247 1608 1363 1650; x_wconf 86' lang='lat' dir='ltr'>gratia,</span> 
     </span>
    </p>
   </div>
   <div class='ocr_carea' id='block_1_37' title="bbox 891 1675 1435 1814">
    <p class='ocr_par' dir='ltr' id='par_1_37' title="bbox 891 1675 1435 1814">
     <span class='ocr_line' id='line_1_64' title="bbox 891 1675 1385 1715; baseline -0.004 -6"><span class='ocrx_word' id='word_1_173' title='bbox 891 1675 948 1709; x_wconf 84' lang='lat' dir='ltr'>3b.</span> <span class='ocrx_word' id='word_1_174' title='bbox 971 1675 1073 1707; x_wconf 83' lang='lat' dir='ltr'>Totus</span> <span class='ocrx_word' id='word_1_175' title='bbox 1094 1675 1129 1708; x_wconf 90' lang='lat' dir='ltr'>in</span> <span class='ocrx_word' id='word_1_176' title='bbox 1154 1679 1187 1708; x_wconf 83' lang='lat' dir='ltr'>te</span> <span class='ocrx_word' id='word_1_177' title='bbox 1213 1675 1385 1715; x_wconf 81' lang='lat' dir='ltr'>clauditur,</span> 
     </span>
     <span class='ocr_line' id='line_1_65' title="bbox 974 1723 1435 1764; baseline 0 -9"><span class='ocrx_word' id='word_1_178' title='bbox 974 1723 1038 1755; x_wconf 86' lang='lat' dir='ltr'>Per</span> <span class='ocrx_word' id='word_1_179' title='bbox 1063 1732 1158 1764; x_wconf 86' lang='lat' dir='ltr'>quem</span> <span class='ocrx_word' id='word_1_180' title='bbox 1183 1727 1287 1757; x_wconf 86' lang='lat' dir='ltr'>totum</span> <span class='ocrx_word' id='word_1_181' title='bbox 1312 1724 1435 1764; x_wconf 83' lang='lat' dir='ltr'>regitur</span> 
     </span>
     <span class='ocr_line' id='line_1_66' title="bbox 1021 1771 1323 1814; baseline -0.003 -10"><span class='ocrx_word' id='word_1_182' title='bbox 1021 1771 1143 1805; x_wconf 88' lang='lat' dir='ltr'>Divina</span> <span class='ocrx_word' id='word_1_183' title='bbox 1167 1773 1323 1814; x_wconf 80' lang='lat' dir='ltr'>potentia.</span> 
     </span>
    </p>
   </div>
   <div class='ocr_carea' id='block_1_38' title="bbox 888 1839 1448 2029">
    <p class='ocr_par' dir='ltr' id='par_1_38' title="bbox 888 1839 1448 2029">
     <span class='ocr_line' id='line_1_67' title="bbox 888 1839 1243 1874; baseline 0 -1"><span class='ocrx_word' id='word_1_184' title='bbox 888 1840 948 1874; x_wconf 77' lang='lat' dir='ltr'>4b.</span> <span class='ocrx_word' id='word_1_185' title='bbox 977 1839 1120 1873; x_wconf 82' lang='lat' dir='ltr'>Caritate</span> <span class='ocrx_word' id='word_1_186' title='bbox 1142 1841 1243 1873; x_wconf 88' lang='lat' dir='ltr'>nimia</span> 
     </span>
     <span class='ocr_line' id='line_1_68' title="bbox 971 1888 1374 1930; baseline 0.005 -10"><span class='ocrx_word' id='word_1_187' title='bbox 971 1888 1027 1920; x_wconf 82' lang='lat' dir='ltr'>Fit</span> <span class='ocrx_word' id='word_1_188' title='bbox 1052 1898 1112 1929; x_wconf 87' lang='lat' dir='ltr'>pro</span> <span class='ocrx_word' id='word_1_189' title='bbox 1138 1889 1232 1922; x_wconf 89' lang='lat' dir='ltr'>nobis</span> <span class='ocrx_word' id='word_1_190' title='bbox 1257 1890 1374 1930; x_wconf 85' lang='lat' dir='ltr'>hostia,</span> 
     </span>
     <span class='ocr_line' id='line_1_69' title="bbox 1020 1936 1364 1980; baseline 0.006 -11"><span class='ocrx_word' id='word_1_191' title='bbox 1020 1936 1184 1971; x_wconf 84' lang='lat' dir='ltr'>Sternitur</span> <span class='ocrx_word' id='word_1_192' title='bbox 1210 1938 1364 1980; x_wconf 86' lang='lat' dir='ltr'>superbia</span> 
     </span>
     <span class='ocr_line' id='line_1_70' title="bbox 1022 1986 1448 2029; baseline 0.007 -11"><span class='ocrx_word' id='word_1_193' title='bbox 1022 1986 1133 2019; x_wconf 87' lang='lat' dir='ltr'>Crucis</span> <span class='ocrx_word' id='word_1_194' title='bbox 1160 1996 1220 2028; x_wconf 89' lang='lat' dir='ltr'>per</span> <span class='ocrx_word' id='word_1_195' title='bbox 1246 1987 1448 2029; x_wconf 86' lang='lat' dir='ltr'>compendia.</span> 
     </span>
    </p>
   </div>
   <div class='ocr_carea' id='block_1_39' title="bbox 885 2054 1485 2195">
    <p class='ocr_par' dir='ltr' id='par_1_39' title="bbox 885 2054 1485 2195">
     <span class='ocr_line' id='line_1_71' title="bbox 885 2054 1485 2099; baseline -0.002 -11"><span class='ocrx_word' id='word_1_196' title='bbox 885 2054 944 2088; x_wconf 80' lang='lat' dir='ltr'>5b.</span> <span class='ocrx_word' id='word_1_197' title='bbox 966 2054 1034 2087; x_wconf 87' lang='lat' dir='ltr'>Nos</span> <span class='ocrx_word' id='word_1_198' title='bbox 1059 2055 1093 2087; x_wconf 84' lang='lat' dir='ltr'>in</span> <span class='ocrx_word' id='word_1_199' title='bbox 1118 2056 1219 2099; x_wconf 80' lang='lat' dir='ltr'>luctu,</span> <span class='ocrx_word' id='word_1_200' title='bbox 1245 2065 1304 2088; x_wconf 90' lang='lat' dir='ltr'>nos</span> <span class='ocrx_word' id='word_1_201' title='bbox 1329 2056 1363 2088; x_wconf 88' lang='lat' dir='ltr'>iu</span> <span class='ocrx_word' id='word_1_202' title='bbox 1386 2054 1485 2088; x_wconf 86' lang='lat' dir='ltr'>fluctu</span> 
     </span>
     <span class='ocr_line' id='line_1_72' title="bbox 967 2100 1428 2146; baseline 0.002 -10"><span class='ocrx_word' id='word_1_203' title='bbox 967 2103 1072 2136; x_wconf 84' lang='lat' dir='ltr'>Tanto</span> <span class='ocrx_word' id='word_1_204' title='bbox 1097 2100 1216 2146; x_wconf 83' lang='lat' dir='ltr'>fructu,</span> <span class='ocrx_word' id='word_1_205' title='bbox 1243 2105 1303 2137; x_wconf 82' lang='lat' dir='ltr'>tali</span> <span class='ocrx_word' id='word_1_206' title='bbox 1330 2105 1428 2138; x_wconf 84' lang='lat' dir='ltr'>ductu</span> 
     </span>
     <span class='ocr_line' id='line_1_73' title="bbox 1016 2152 1397 2195; baseline 0.005 -10"><span class='ocrx_word' id='word_1_207' title='bbox 1016 2152 1175 2186; x_wconf 88' lang='lat' dir='ltr'>Ducimur</span> <span class='ocrx_word' id='word_1_208' title='bbox 1201 2153 1243 2187; x_wconf 85' lang='lat' dir='ltr'>ad</span> <span class='ocrx_word' id='word_1_209' title='bbox 1269 2154 1397 2195; x_wconf 80' lang='lat' dir='ltr'>gaudia.</span> 
     </span>
    </p>
   </div>
   <div class='ocr_carea' id='block_1_40' title="bbox 884 2222 1335 2462">
    <p class='ocr_par' dir='ltr' id='par_1_40' title="bbox 884 2222 1335 2462">
     <span class='ocr_line' id='line_1_74' title="bbox 884 2222 1204 2264; baseline -0.003 -8"><span class='ocrx_word' id='word_1_210' title='bbox 884 2222 946 2256; x_wconf 88' lang='lat' dir='ltr'>6b.</span> <span class='ocrx_word' id='word_1_211' title='bbox 967 2222 1078 2255; x_wconf 79' lang='lat' dir='ltr'>Mater</span> <span class='ocrx_word' id='word_1_212' title='bbox 1103 2222 1204 2264; x_wconf 87' lang='lat' dir='ltr'>ducis,</span> 
     </span>
     <span class='ocr_line' id='line_1_75' title="bbox 966 2271 1186 2313; baseline 0 -8"><span class='ocrx_word' id='word_1_213' title='bbox 966 2272 1069 2305; x_wconf 82' lang='lat' dir='ltr'>Porta</span> <span class='ocrx_word' id='word_1_214' title='bbox 1092 2271 1186 2313; x_wconf 84' lang='lat' dir='ltr'>luciS,</span> 
     </span>
     <span class='ocr_line' id='line_1_76' title="bbox 966 2320 1195 2361; baseline 0.004 -8"><span class='ocrx_word' id='word_1_215' title='bbox 966 2320 1064 2361; x_wconf 85' lang='lat' dir='ltr'>Signo</span> <span class='ocrx_word' id='word_1_216' title='bbox 1091 2321 1195 2354; x_wconf 86' lang='lat' dir='ltr'>crucis</span> 
     </span>
     <span class='ocr_line' id='line_1_77' title="bbox 965 2369 1212 2405; baseline 0.004 -3"><span class='ocrx_word' id='word_1_217' title='bbox 965 2369 1034 2402; x_wconf 81' lang='lat' dir='ltr'>Nos</span> <span class='ocrx_word' id='word_1_218' title='bbox 1059 2371 1212 2405; x_wconf 87' lang='lat' dir='ltr'>conducis</span> 
     </span>
     <span class='ocr_line' id='line_1_78' title="bbox 1017 2419 1335 2462; baseline -0.003 -10"><span class='ocrx_word' id='word_1_219' title='bbox 1017 2419 1070 2452; x_wconf 85' lang='lat' dir='ltr'>Ad</span> <span class='ocrx_word' id='word_1_220' title='bbox 1096 2420 1177 2453; x_wconf 84' lang='lat' dir='ltr'>coeli</span> <span class='ocrx_word' id='word_1_221' title='bbox 1202 2420 1335 2462; x_wconf 80' lang='lat' dir='ltr'>palatia.</span> 
     </span>
    </p>
   </div>
  </div>
 </body>
</html>
