<?xml version="1.0" encoding="UTF-8"?>
<!DOCTYPE html PUBLIC "-//W3C//DTD XHTML 1.0 Transitional//EN"
    "http://www.w3.org/TR/xhtml1/DTD/xhtml1-transitional.dtd">
<html xmlns="http://www.w3.org/1999/xhtml" xml:lang="en" lang="en">
 <head>
  <title>
</title>
<meta http-equiv="Content-Type" content="text/html;charset=utf-8" />
  <meta name='ocr-system' content='tesseract 3.04.00' />
  <meta name='ocr-capabilities' content='ocr_page ocr_carea ocr_par ocr_line ocrx_word'/>
</head>
<body>
  <div class='ocr_page' id='page_1' title='image "./analectahymnica10drevuoft_00149.png"; bbox 0 0 1652 2678; ppageno 0'>
   <div class='ocr_carea' id='block_1_1' title="bbox 781 116 1043 153">
    <p class='ocr_par' dir='ltr' id='par_1_1' title="bbox 781 116 1043 153">
     <span class='ocr_line' id='line_1_1' title="bbox 781 116 1043 153; baseline 0.004 -1"><span class='ocrx_word' id='word_1_1' title='bbox 781 116 1043 153; x_wconf 43' lang='lat'><strong>‘146—</strong></span> 
     </span>
    </p>
   </div>
   <div class='ocr_carea' id='block_1_2' title="bbox 269 218 842 355">
    <p class='ocr_par' dir='ltr' id='par_1_2' title="bbox 269 218 842 355">
     <span class='ocr_line' id='line_1_2' title="bbox 269 218 766 257; baseline -0.004 -6"><span class='ocrx_word' id='word_1_2' title='bbox 269 219 327 252; x_wconf 91' lang='lat' dir='ltr'>6a.</span> <span class='ocrx_word' id='word_1_3' title='bbox 355 218 421 251; x_wconf 87' lang='lat' dir='ltr'>Ubi</span> <span class='ocrx_word' id='word_1_4' title='bbox 444 221 531 251; x_wconf 88' lang='lat' dir='ltr'>totus</span> <span class='ocrx_word' id='word_1_5' title='bbox 556 219 665 251; x_wconf 88' lang='lat' dir='ltr'>mente</span> <span class='ocrx_word' id='word_1_6' title='bbox 688 219 766 257; x_wconf 86' lang='lat' dir='ltr'>tota,</span> 
     </span>
     <span class='ocr_line' id='line_1_3' title="bbox 353 265 842 307; baseline -0.008 -8"><span class='ocrx_word' id='word_1_7' title='bbox 353 266 427 299; x_wconf 84' lang='lat' dir='ltr'>Non</span> <span class='ocrx_word' id='word_1_8' title='bbox 451 267 609 307; x_wconf 85' lang='lat' dir='ltr'>impulsus</span> <span class='ocrx_word' id='word_1_9' title='bbox 631 265 745 298; x_wconf 90' lang='lat' dir='ltr'>mundi</span> <span class='ocrx_word' id='word_1_10' title='bbox 769 266 842 297; x_wconf 86' lang='lat' dir='ltr'>rota</span> 
     </span>
     <span class='ocr_line' id='line_1_4' title="bbox 400 311 829 355; baseline -0.012 -7"><span class='ocrx_word' id='word_1_11' title='bbox 400 315 465 349; x_wconf 88' lang='lat' dir='ltr'>Sed</span> <span class='ocrx_word' id='word_1_12' title='bbox 491 324 550 355; x_wconf 89' lang='lat' dir='ltr'>spe</span> <span class='ocrx_word' id='word_1_13' title='bbox 573 313 669 347; x_wconf 86' lang='lat' dir='ltr'>firma</span> <span class='ocrx_word' id='word_1_14' title='bbox 692 311 829 353; x_wconf 87' lang='lat' dir='ltr'>stabilis,</span> 
     </span>
    </p>
   </div>
   <div class='ocr_carea' id='block_1_3' title="bbox 267 369 877 507">
    <p class='ocr_par' dir='ltr' id='par_1_3' title="bbox 267 369 877 507">
     <span class='ocr_line' id='line_1_5' title="bbox 267 369 877 414; baseline -0.008 -8"><span class='ocrx_word' id='word_1_15' title='bbox 267 374 286 406; x_wconf 86' lang='grc'><strong>7</strong></span> <span class='ocrx_word' id='word_1_16' title='bbox 294 383 323 407; x_wconf 92' lang='lat' dir='ltr'>a.</span> <span class='ocrx_word' id='word_1_17' title='bbox 347 373 484 414; x_wconf 84' lang='lat' dir='ltr'><strong>Lignum</strong></span> <span class='ocrx_word' id='word_1_18' title='bbox 509 371 674 411; x_wconf 85' lang='lat' dir='ltr'>frondens,</span> <span class='ocrx_word' id='word_1_19' title='bbox 701 370 777 403; x_wconf 86' lang='lat' dir='ltr'>vitis</span> <span class='ocrx_word' id='word_1_20' title='bbox 802 369 877 403; x_wconf 86' lang='lat' dir='ltr'>viva</span> 
     </span>
     <span class='ocr_line' id='line_1_6' title="bbox 351 418 773 454; baseline -0.009 0"><span class='ocrx_word' id='word_1_21' title='bbox 351 421 464 454; x_wconf 91' lang='lat' dir='ltr'>Palma</span> <span class='ocrx_word' id='word_1_22' title='bbox 485 419 604 452; x_wconf 87' lang='lat' dir='ltr'>florens</span> <span class='ocrx_word' id='word_1_23' title='bbox 631 422 664 451; x_wconf 88' lang='lat' dir='ltr'>et</span> <span class='ocrx_word' id='word_1_24' title='bbox 687 418 773 451; x_wconf 88' lang='lat' dir='ltr'>oliva</span> 
     </span>
     <span class='ocr_line' id='line_1_7' title="bbox 399 466 737 507; baseline -0.012 -5"><span class='ocrx_word' id='word_1_25' title='bbox 399 468 531 502; x_wconf 79' lang='lat' dir='ltr'>Gratiae</span> <span class='ocrx_word' id='word_1_26' title='bbox 557 466 737 507; x_wconf 83' lang='lat' dir='ltr'>fructifera,</span> 
     </span>
    </p>
   </div>
   <div class='ocr_carea' id='block_1_4' title="bbox 268 524 805 663">
    <p class='ocr_par' dir='ltr' id='par_1_4' title="bbox 268 524 805 663">
     <span class='ocr_line' id='line_1_8' title="bbox 268 524 805 567; baseline -0.011 -5"><span class='ocrx_word' id='word_1_27' title='bbox 268 528 326 562; x_wconf 78' lang='lat' dir='ltr'>Sa.</span> <span class='ocrx_word' id='word_1_28' title='bbox 353 526 395 559; x_wconf 88' lang='lat' dir='ltr'>Se</span> <span class='ocrx_word' id='word_1_29' title='bbox 419 525 630 567; x_wconf 85' lang='lat' dir='ltr'>praecingens</span> <span class='ocrx_word' id='word_1_30' title='bbox 657 524 805 557; x_wconf 85' lang='lat' dir='ltr'>castitate</span> 
     </span>
     <span class='ocr_line' id='line_1_9' title="bbox 352 573 781 607; baseline -0.002 0"><span class='ocrx_word' id='word_1_31' title='bbox 352 574 429 607; x_wconf 80' lang='lat' dir='ltr'>Cum</span> <span class='ocrx_word' id='word_1_32' title='bbox 454 575 606 606; x_wconf 84' lang='lat' dir='ltr'>lucernae</span> <span class='ocrx_word' id='word_1_33' title='bbox 633 573 781 606; x_wconf 86' lang='lat' dir='ltr'>claritate</span> 
     </span>
     <span class='ocr_line' id='line_1_10' title="bbox 394 621 710 663; baseline -0.006 -8"><span class='ocrx_word' id='word_1_34' title='bbox 394 622 483 663; x_wconf 79' lang='lat' dir='ltr'>vigil</span> <span class='ocrx_word' id='word_1_35' title='bbox 506 621 541 654; x_wconf 90' lang='lat' dir='ltr'>in</span> <span class='ocrx_word' id='word_1_36' title='bbox 567 622 710 654; x_wconf 82' lang='lat' dir='ltr'><strong>excubiis</strong></span> 
     </span>
    </p>
   </div>
   <div class='ocr_carea' id='block_1_5' title="bbox 266 678 875 875">
    <p class='ocr_par' dir='ltr' id='par_1_5' title="bbox 266 678 856 721">
     <span class='ocr_line' id='line_1_11' title="bbox 266 678 856 721; baseline -0.007 -7"><span class='ocrx_word' id='word_1_37' title='bbox 266 682 322 715; x_wconf 81' lang='lat' dir='ltr'>9a.</span> <span class='ocrx_word' id='word_1_38' title='bbox 351 679 457 721; x_wconf 86' lang='lat' dir='ltr'>Supra</span> <span class='ocrx_word' id='word_1_39' title='bbox 480 684 594 720; x_wconf 65' lang='lat' dir='ltr'>petrae</span> <span class='ocrx_word' id='word_1_40' title='bbox 617 678 856 712; x_wconf 87' lang='lat' dir='ltr'>firmamentum</span> 
     </span>
    </p>

    <p class='ocr_par' dir='ltr' id='par_1_6' title="bbox 349 727 875 820">
     <span class='ocr_line' id='line_1_12' title="bbox 349 727 875 762; baseline -0.002 -2"><span class='ocrx_word' id='word_1_41' title='bbox 349 728 489 761; x_wconf 91' lang='lat' dir='ltr'>Domum</span> <span class='ocrx_word' id='word_1_42' title='bbox 514 728 635 762; x_wconf 75' lang='lat' dir='ltr'><strong>struxit</strong></span> <span class='ocrx_word' id='word_1_43' title='bbox 660 731 694 760; x_wconf 90' lang='lat' dir='ltr'>et</span> <span class='ocrx_word' id='word_1_44' title='bbox 716 727 875 760; x_wconf 91' lang='lat' dir='ltr'>talentum</span> 
     </span>
     <span class='ocr_line' id='line_1_13' title="bbox 395 775 788 820; baseline -0.005 -11"><span class='ocrx_word' id='word_1_45' title='bbox 395 775 606 818; x_wconf 86' lang='lat' dir='ltr'>Duplicatum</span> <span class='ocrx_word' id='word_1_46' title='bbox 631 776 788 820; x_wconf 77' lang='lat' dir='ltr'>reddidit,</span> 
     </span>
    </p>

    <p class='ocr_par' dir='ltr' id='par_1_7' title="bbox 348 834 826 875">
     <span class='ocr_line' id='line_1_14' title="bbox 348 834 826 875; baseline -0.002 -8"><span class='ocrx_word' id='word_1_47' title='bbox 348 834 412 867; x_wconf 89' lang='lat' dir='ltr'>Hic</span> <span class='ocrx_word' id='word_1_48' title='bbox 437 835 480 867; x_wconf 85' lang='lat' dir='ltr'>ad</span> <span class='ocrx_word' id='word_1_49' title='bbox 504 843 608 875; x_wconf 79' lang='lat' dir='ltr'>pauca</span> <span class='ocrx_word' id='word_1_50' title='bbox 634 834 826 868; x_wconf 86' lang='lat' dir='ltr'>constitutus</span> 
     </span>
    </p>
   </div>
   <div class='ocr_carea' id='block_1_6' title="bbox 347 882 733 972">
    <p class='ocr_par' dir='ltr' id='par_1_8' title="bbox 347 882 733 972">
     <span class='ocr_line' id='line_1_15' title="bbox 347 882 733 924; baseline 0 -9"><span class='ocrx_word' id='word_1_51' title='bbox 347 882 400 915; x_wconf 84' lang='lat' dir='ltr'>Ibi</span> <span class='ocrx_word' id='word_1_52' title='bbox 424 883 544 924; x_wconf 83' lang='lat' dir='ltr'>gaudet</span> <span class='ocrx_word' id='word_1_53' title='bbox 568 885 733 916; x_wconf 87' lang='lat' dir='ltr'>assecutus</span> 
     </span>
     <span class='ocr_line' id='line_1_16' title="bbox 395 930 651 972; baseline -0.008 -7"><span class='ocrx_word' id='word_1_54' title='bbox 395 930 529 965; x_wconf 86' lang='lat' dir='ltr'>Infimta</span> <span class='ocrx_word' id='word_1_55' title='bbox 551 931 651 972; x_wconf 89' lang='lat' dir='ltr'>milia,</span> 
     </span>
    </p>
   </div>
   <div class='ocr_carea' id='block_1_7' title="bbox 345 988 828 1128">
    <p class='ocr_par' dir='ltr' id='par_1_9' title="bbox 345 988 828 1128">
     <span class='ocr_line' id='line_1_17' title="bbox 349 988 686 1022; baseline -0.003 0"><span class='ocrx_word' id='word_1_56' title='bbox 349 988 408 1022; x_wconf 91' lang='lat' dir='ltr'>Cui</span> <span class='ocrx_word' id='word_1_57' title='bbox 427 988 502 1022; x_wconf 86' lang='lat' dir='ltr'>finis</span> <span class='ocrx_word' id='word_1_58' title='bbox 526 988 686 1022; x_wconf 88' lang='lat' dir='ltr'>infinitam</span> 
     </span>
     <span class='ocr_line' id='line_1_18' title="bbox 345 1037 828 1080; baseline 0 -11"><span class='ocrx_word' id='word_1_59' title='bbox 345 1037 448 1071; x_wconf 83' lang='lat' dir='ltr'>Dedit</span> <span class='ocrx_word' id='word_1_60' title='bbox 467 1039 583 1080; x_wconf 88' lang='lat' dir='ltr'>lucem,</span> <span class='ocrx_word' id='word_1_61' title='bbox 612 1038 704 1071; x_wconf 87' lang='lat' dir='ltr'>dedit</span> <span class='ocrx_word' id='word_1_62' title='bbox 727 1037 828 1070; x_wconf 87' lang='lat' dir='ltr'>vitam</span> 
     </span>
     <span class='ocr_line' id='line_1_19' title="bbox 394 1086 796 1128; baseline -0.002 -9"><span class='ocrx_word' id='word_1_63' title='bbox 394 1086 440 1119; x_wconf 89' lang='lat' dir='ltr'>Et</span> <span class='ocrx_word' id='word_1_64' title='bbox 465 1094 609 1127; x_wconf 84' lang='lat' dir='ltr'>perenne</span> <span class='ocrx_word' id='word_1_65' title='bbox 634 1086 796 1128; x_wconf 86' lang='lat' dir='ltr'>gaudium,</span> 
     </span>
    </p>
   </div>
   <div class='ocr_carea' id='block_1_8' title="bbox 242 836 321 870">
    <p class='ocr_par' dir='ltr' id='par_1_10' title="bbox 242 836 321 870">
     <span class='ocr_line' id='line_1_20' title="bbox 242 836 321 870; baseline -0.025 -1"><span class='ocrx_word' id='word_1_66' title='bbox 242 836 321 870; x_wconf 76' lang='lat' dir='ltr'>loa.</span> 
     </span>
    </p>
   </div>
   <div class='ocr_carea' id='block_1_9' title="bbox 240 990 320 1023">
    <p class='ocr_par' dir='ltr' id='par_1_11' title="bbox 240 990 320 1023">
     <span class='ocr_line' id='line_1_21' title="bbox 240 990 320 1023; baseline -0.013 0"><span class='ocrx_word' id='word_1_67' title='bbox 240 990 320 1023; x_wconf 82' lang='lat' dir='ltr'>lla.</span> 
     </span>
    </p>
   </div>
   <div class='ocr_carea' id='block_1_10' title="bbox 961 213 1577 497">
    <p class='ocr_par' dir='ltr' id='par_1_12' title="bbox 961 213 1577 497">
     <span class='ocr_line' id='line_1_22' title="bbox 961 213 1483 253; baseline -0.008 -5"><span class='ocrx_word' id='word_1_68' title='bbox 961 214 1022 248; x_wconf 88' lang='lat' dir='ltr'>6b.</span> <span class='ocrx_word' id='word_1_69' title='bbox 1046 213 1168 247; x_wconf 76' lang='lat' dir='ltr'>Christi</span> <span class='ocrx_word' id='word_1_70' title='bbox 1193 213 1265 245; x_wconf 84' lang='lat' dir='ltr'>leve</span> <span class='ocrx_word' id='word_1_71' title='bbox 1291 213 1368 245; x_wconf 82' lang='lat' dir='ltr'>tulit</span> <span class='ocrx_word' id='word_1_72' title='bbox 1393 221 1483 253; x_wconf 87' lang='lat' dir='ltr'>onus,</span> 
     </span>
     <span class='ocr_line' id='line_1_23' title="bbox 1045 260 1558 303; baseline -0.006 -8"><span class='ocrx_word' id='word_1_73' title='bbox 1045 263 1163 296; x_wconf 74' lang='lat' dir='ltr'>Pastor</span> <span class='ocrx_word' id='word_1_74' title='bbox 1188 260 1281 302; x_wconf 85' lang='lat' dir='ltr'>lenis,</span> <span class='ocrx_word' id='word_1_75' title='bbox 1307 263 1421 301; x_wconf 84' lang='lat' dir='ltr'>pastor</span> <span class='ocrx_word' id='word_1_76' title='bbox 1444 260 1558 303; x_wconf 87' lang='lat' dir='ltr'>bonus,</span> 
     </span>
     <span class='ocr_line' id='line_1_24' title="bbox 1093 308 1535 353; baseline 0 -11"><span class='ocrx_word' id='word_1_77' title='bbox 1093 310 1183 353; x_wconf 86' lang='lat' dir='ltr'>Pius,</span> <span class='ocrx_word' id='word_1_78' title='bbox 1209 309 1366 350; x_wconf 82' lang='lat' dir='ltr'>prudens,</span> <span class='ocrx_word' id='word_1_79' title='bbox 1391 308 1535 342; x_wconf 85' lang='lat' dir='ltr'>humilis.</span> 
     </span>
     <span class='ocr_line' id='line_1_25' title="bbox 962 366 1575 407; baseline -0.007 -6"><span class='ocrx_word' id='word_1_80' title='bbox 962 367 1021 402; x_wconf 82' lang='lat' dir='ltr'>7b.</span> <span class='ocrx_word' id='word_1_81' title='bbox 1044 369 1202 401; x_wconf 80' lang='lat' dir='ltr'>Fructum</span> <span class='ocrx_word' id='word_1_82' title='bbox 1229 367 1322 400; x_wconf 87' lang='lat' dir='ltr'>dedit</span> <span class='ocrx_word' id='word_1_83' title='bbox 1349 366 1420 400; x_wconf 90' lang='lat' dir='ltr'>Deo</span> <span class='ocrx_word' id='word_1_84' title='bbox 1446 367 1575 407; x_wconf 85' lang='lat' dir='ltr'>gratum</span> 
     </span>
     <span class='ocr_line' id='line_1_26' title="bbox 1042 414 1577 449; baseline -0.007 0"><span class='ocrx_word' id='word_1_85' title='bbox 1042 416 1090 449; x_wconf 89' lang='lat' dir='ltr'>Et</span> <span class='ocrx_word' id='word_1_86' title='bbox 1112 416 1317 449; x_wconf 79' lang='lat' dir='ltr'>transcendit</span> <span class='ocrx_word' id='word_1_87' title='bbox 1341 414 1430 448; x_wconf 86' lang='lat' dir='ltr'>orbis</span> <span class='ocrx_word' id='word_1_88' title='bbox 1456 415 1577 447; x_wconf 83' lang='lat' dir='ltr'>statum</span> 
     </span>
     <span class='ocr_line' id='line_1_27' title="bbox 1094 462 1420 497; baseline 0 0"><span class='ocrx_word' id='word_1_89' title='bbox 1094 463 1219 497; x_wconf 71' lang='lat' dir='ltr'>Codrus</span> <span class='ocrx_word' id='word_1_90' title='bbox 1242 462 1420 497; x_wconf 79' lang='lat' dir='ltr'>odorifera.</span> 
     </span>
    </p>
   </div>
   <div class='ocr_carea' id='block_1_11' title="bbox 961 521 1574 718">
    <p class='ocr_par' dir='ltr' id='par_1_13' title="bbox 961 521 1574 718">
     <span class='ocr_line' id='line_1_28' title="bbox 962 521 1506 562; baseline -0.004 -6"><span class='ocrx_word' id='word_1_91' title='bbox 962 522 1023 557; x_wconf 90' lang='lat' dir='ltr'>8b.</span> <span class='ocrx_word' id='word_1_92' title='bbox 1048 521 1261 555; x_wconf 89' lang='lat' dir='ltr'>Pernoctavit</span> <span class='ocrx_word' id='word_1_93' title='bbox 1286 521 1506 562; x_wconf 81' lang='lat' dir='ltr'>exspectando</span> 
     </span>
     <span class='ocr_line' id='line_1_29' title="bbox 1044 569 1574 611; baseline 0.002 -8"><span class='ocrx_word' id='word_1_94' title='bbox 1044 569 1236 610; x_wconf 82' lang='lat' dir='ltr'>Nuptialem</span> <span class='ocrx_word' id='word_1_95' title='bbox 1253 578 1417 611; x_wconf 83' lang='lat' dir='ltr'>sponsum,</span> <span class='ocrx_word' id='word_1_96' title='bbox 1445 571 1574 611; x_wconf 82' lang='lat' dir='ltr'>qua-ndo</span> 
     </span>
     <span class='ocr_line' id='line_1_30' title="bbox 1091 617 1433 659; baseline 0.003 -8"><span class='ocrx_word' id='word_1_97' title='bbox 1091 618 1231 652; x_wconf 86' lang='lat' dir='ltr'>Rediret</span> <span class='ocrx_word' id='word_1_98' title='bbox 1254 627 1275 651; x_wconf 89' lang='lat' dir='ltr'>a</span> <span class='ocrx_word' id='word_1_99' title='bbox 1298 617 1433 659; x_wconf 81' lang='lat' dir='ltr'>nuptiis.</span> 
     </span>
     <span class='ocr_line' id='line_1_31' title="bbox 961 675 1526 718; baseline 0 -8"><span class='ocrx_word' id='word_1_100' title='bbox 961 676 1020 711; x_wconf 87' lang='lat' dir='ltr'>9b.</span> <span class='ocrx_word' id='word_1_101' title='bbox 1044 677 1163 710; x_wconf 87' lang='lat' dir='ltr'>Servus</span> <span class='ocrx_word' id='word_1_102' title='bbox 1189 675 1334 718; x_wconf 80' lang='lat' dir='ltr'>prudens</span> <span class='ocrx_word' id='word_1_103' title='bbox 1361 678 1395 708; x_wconf 88' lang='lat' dir='ltr'>et</span> <span class='ocrx_word' id='word_1_104' title='bbox 1418 676 1526 711; x_wconf 84' lang='lat' dir='ltr'>fidelis</span> 
     </span>
    </p>
   </div>
   <div class='ocr_carea' id='block_1_12' title="bbox 1041 724 1557 809">
    <p class='ocr_par' dir='ltr' id='par_1_14' title="bbox 1041 724 1557 809">
     <span class='ocr_line' id='line_1_32' title="bbox 1041 724 1557 759; baseline 0.002 -1"><span class='ocrx_word' id='word_1_105' title='bbox 1041 725 1117 758; x_wconf 84' lang='lat' dir='ltr'>Non</span> <span class='ocrx_word' id='word_1_106' title='bbox 1141 726 1177 758; x_wconf 88' lang='lat' dir='ltr'>in</span> <span class='ocrx_word' id='word_1_107' title='bbox 1201 729 1292 758; x_wconf 86' lang='lat' dir='ltr'>terra</span> <span class='ocrx_word' id='word_1_108' title='bbox 1315 724 1375 757; x_wconf 86' lang='lat' dir='ltr'>sed</span> <span class='ocrx_word' id='word_1_109' title='bbox 1398 726 1433 758; x_wconf 91' lang='lat' dir='ltr'>in</span> <span class='ocrx_word' id='word_1_110' title='bbox 1459 727 1557 759; x_wconf 84' lang='lat' dir='ltr'>caelis</span> 
     </span>
     <span class='ocr_line' id='line_1_33' title="bbox 1093 773 1486 809; baseline 0.008 -3"><span class='ocrx_word' id='word_1_111' title='bbox 1093 773 1266 807; x_wconf 81' lang='lat' dir='ltr'>Talentum</span> <span class='ocrx_word' id='word_1_112' title='bbox 1289 774 1486 809; x_wconf 82' lang='lat' dir='ltr'>recondidit.</span> 
     </span>
    </p>
   </div>
   <div class='ocr_carea' id='block_1_13' title="bbox 935 831 1489 874">
    <p class='ocr_par' dir='ltr' id='par_1_15' title="bbox 935 831 1489 874">
     <span class='ocr_line' id='line_1_34' title="bbox 935 831 1489 874; baseline -0.004 -7"><span class='ocrx_word' id='word_1_113' title='bbox 935 832 1019 867; x_wconf 64' lang='lat'>101³.</span> <span class='ocrx_word' id='word_1_114' title='bbox 1041 832 1106 865; x_wconf 85' lang='lat' dir='ltr'>Hic</span> <span class='ocrx_word' id='word_1_115' title='bbox 1133 831 1302 874; x_wconf 82' lang='lat' dir='ltr'>dispergit,</span> <span class='ocrx_word' id='word_1_116' title='bbox 1330 831 1377 864; x_wconf 85' lang='lat' dir='ltr'>ibi</span> <span class='ocrx_word' id='word_1_117' title='bbox 1402 833 1489 874; x_wconf 88' lang='lat' dir='ltr'>legit,</span> 
     </span>
    </p>
   </div>
   <div class='ocr_carea' id='block_1_14' title="bbox 1042 880 1472 970">
    <p class='ocr_par' dir='ltr' id='par_1_16' title="bbox 1042 880 1472 970">
     <span class='ocr_line' id='line_1_35' title="bbox 1042 880 1472 924; baseline 0.005 -12"><span class='ocrx_word' id='word_1_118' title='bbox 1042 880 1108 913; x_wconf 85' lang='lat' dir='ltr'>Hic</span> <span class='ocrx_word' id='word_1_119' title='bbox 1133 880 1284 924; x_wconf 80' lang='lat' dir='ltr'>decessit,</span> <span class='ocrx_word' id='word_1_120' title='bbox 1309 880 1358 913; x_wconf 85' lang='lat' dir='ltr'>ibi</span> <span class='ocrx_word' id='word_1_121' title='bbox 1384 881 1472 923; x_wconf 85' lang='lat' dir='ltr'>degit</span> 
     </span>
     <span class='ocr_line' id='line_1_36' title="bbox 1090 929 1411 970; baseline 0.003 -8"><span class='ocrx_word' id='word_1_122' title='bbox 1090 929 1273 962; x_wconf 85' lang='lat' dir='ltr'>Immortali</span> <span class='ocrx_word' id='word_1_123' title='bbox 1297 929 1411 970; x_wconf 85' lang='lat' dir='ltr'>gloria.</span> 
     </span>
    </p>
   </div>
   <div class='ocr_carea' id='block_1_15' title="bbox 935 987 1548 1031">
    <p class='ocr_par' dir='ltr' id='par_1_17' title="bbox 935 987 1548 1031">
     <span class='ocr_line' id='line_1_37' title="bbox 935 987 1548 1031; baseline 0.002 -10"><span class='ocrx_word' id='word_1_124' title='bbox 935 987 1018 1022; x_wconf 86' lang='lat' dir='ltr'>11b.</span> <span class='ocrx_word' id='word_1_125' title='bbox 1042 987 1068 1021; x_wconf 94' lang='lat' dir='ltr'>O</span> <span class='ocrx_word' id='word_1_126' title='bbox 1094 987 1290 1031; x_wconf 86' lang='lat' dir='ltr'>Bertrande‚</span> <span class='ocrx_word' id='word_1_127' title='bbox 1317 989 1431 1028; x_wconf 81' lang='lat' dir='ltr'>pastor</span> <span class='ocrx_word' id='word_1_128' title='bbox 1454 987 1548 1029; x_wconf 84' lang='lat' dir='ltr'>bone,</span> 
     </span>
    </p>
   </div>
   <div class='ocr_carea' id='block_1_16' title="bbox 1042 1036 1525 1119">
    <p class='ocr_par' dir='ltr' id='par_1_18' title="bbox 1042 1036 1525 1119">
     <span class='ocr_line' id='line_1_38' title="bbox 1042 1036 1525 1070; baseline 0.002 -1"><span class='ocrx_word' id='word_1_129' title='bbox 1042 1036 1098 1069; x_wconf 89' lang='lat' dir='ltr'>Ad</span> <span class='ocrx_word' id='word_1_130' title='bbox 1124 1036 1274 1069; x_wconf 86' lang='lat' dir='ltr'>coelestis</span> <span class='ocrx_word' id='word_1_131' title='bbox 1303 1045 1362 1068; x_wconf 91' lang='lat' dir='ltr'>nos</span> <span class='ocrx_word' id='word_1_132' title='bbox 1389 1045 1525 1070; x_wconf 84' lang='lat' dir='ltr'>coronae</span> 
     </span>
     <span class='ocr_line' id='line_1_39' title="bbox 1092 1084 1467 1119; baseline 0.003 -2"><span class='ocrx_word' id='word_1_133' title='bbox 1092 1084 1285 1118; x_wconf 73' lang='lat' dir='ltr'>introducas</span> <span class='ocrx_word' id='word_1_134' title='bbox 1309 1085 1467 1119; x_wconf 77' lang='lat' dir='ltr'>bravium.</span> 
     </span>
    </p>
   </div>
   <div class='ocr_carea' id='block_1_17' title="bbox 316 1169 952 1209">
    <p class='ocr_par' dir='ltr' id='par_1_19' title="bbox 316 1169 952 1209">
     <span class='ocr_line' id='line_1_40' title="bbox 316 1169 952 1209; baseline -0.002 -8"><span class='ocrx_word' id='word_1_135' title='bbox 316 1173 403 1201; x_wconf 78' lang='lat' dir='ltr'>Brev.</span> <span class='ocrx_word' id='word_1_136' title='bbox 422 1173 605 1201; x_wconf 67' lang='lat' dir='ltr'>Tolosanum</span> <span class='ocrx_word' id='word_1_137' title='bbox 627 1173 699 1209; x_wconf 84' lang='lat' dir='ltr'>imp.</span> <span class='ocrx_word' id='word_1_138' title='bbox 719 1172 846 1200; x_wconf 85' lang='lat' dir='ltr'>Parisiis</span> <span class='ocrx_word' id='word_1_139' title='bbox 869 1169 952 1201; x_wconf 83' lang='lat'>1553.</span> 
     </span>
    </p>
   </div>
   <div class='ocr_carea' id='block_1_18' title="bbox 703 1321 1108 1355">
    <p class='ocr_par' dir='ltr' id='par_1_20' title="bbox 703 1321 1108 1355">
     <span class='ocr_line' id='line_1_41' title="bbox 703 1321 1108 1355; baseline -0.002 0"><span class='ocrx_word' id='word_1_140' title='bbox 703 1323 766 1355; x_wconf 83' lang='lat'>192.</span> <span class='ocrx_word' id='word_1_141' title='bbox 797 1323 840 1355; x_wconf 86' lang='lat' dir='ltr'>De</span> <span class='ocrx_word' id='word_1_142' title='bbox 861 1323 971 1354; x_wconf 84' lang='lat' dir='ltr'>sancto</span> <span class='ocrx_word' id='word_1_143' title='bbox 991 1321 1108 1354; x_wconf 79' lang='lat' dir='ltr'>Blasio.</span> 
     </span>
    </p>
   </div>
   <div class='ocr_carea' id='block_1_19' title="bbox 241 1406 811 1699">
    <p class='ocr_par' dir='ltr' id='par_1_21' title="bbox 241 1406 811 1699">
     <span class='ocr_line' id='line_1_42' title="bbox 241 1406 769 1447; baseline -0.008 -6"><span class='ocrx_word' id='word_1_144' title='bbox 241 1408 298 1441; x_wconf 77' lang='lat' dir='ltr'>la.</span> <span class='ocrx_word' id='word_1_145' title='bbox 325 1406 398 1439; x_wconf 78' lang='lat' dir='ltr'>Lux</span> <span class='ocrx_word' id='word_1_146' title='bbox 421 1407 531 1440; x_wconf 76' lang='lat' dir='ltr'>illuxit</span> <span class='ocrx_word' id='word_1_147' title='bbox 555 1406 648 1440; x_wconf 86' lang='lat' dir='ltr'>nobis</span> <span class='ocrx_word' id='word_1_148' title='bbox 672 1407 769 1447; x_wconf 85' lang='lat' dir='ltr'>laeta,</span> 
     </span>
     <span class='ocr_line' id='line_1_43' title="bbox 322 1454 811 1497; baseline -0.004 -9"><span class='ocrx_word' id='word_1_149' title='bbox 322 1457 360 1489; x_wconf 81' lang='lat' dir='ltr'>In</span> <span class='ocrx_word' id='word_1_150' title='bbox 387 1465 450 1497; x_wconf 87' lang='lat' dir='ltr'>qua</span> <span class='ocrx_word' id='word_1_151' title='bbox 474 1465 588 1496; x_wconf 84' lang='lat' dir='ltr'>passus</span> <span class='ocrx_word' id='word_1_152' title='bbox 614 1458 663 1488; x_wconf 86' lang='lat' dir='ltr'>est</span> <span class='ocrx_word' id='word_1_153' title='bbox 688 1454 811 1487; x_wconf 81' lang='lat' dir='ltr'>athleta</span> 
     </span>
     <span class='ocr_line' id='line_1_44' title="bbox 370 1503 732 1545; baseline 0 -9"><span class='ocrx_word' id='word_1_154' title='bbox 370 1503 499 1537; x_wconf 85' lang='lat' dir='ltr'>Blasius</span> <span class='ocrx_word' id='word_1_155' title='bbox 523 1505 732 1545; x_wconf 76' lang='lat' dir='ltr'>martyrium3</span> 
     </span>
     <span class='ocr_line' id='line_1_45' title="bbox 242 1561 780 1597; baseline -0.007 0"><span class='ocrx_word' id='word_1_156' title='bbox 242 1564 299 1597; x_wconf 70' lang='lat' dir='ltr'>Za.</span> <span class='ocrx_word' id='word_1_157' title='bbox 328 1562 533 1595; x_wconf 80' lang='lat' dir='ltr'>Christianae</span> <span class='ocrx_word' id='word_1_158' title='bbox 556 1561 638 1596; x_wconf 87' lang='lat' dir='ltr'>fides</span> <span class='ocrx_word' id='word_1_159' title='bbox 663 1561 780 1594; x_wconf 86' lang='lat' dir='ltr'>turbae</span> 
     </span>
     <span class='ocr_line' id='line_1_46' title="bbox 322 1609 778 1653; baseline -0.004 -9"><span class='ocrx_word' id='word_1_160' title='bbox 322 1611 508 1653; x_wconf 86' lang='lat' dir='ltr'>Praeelegit</span> <span class='ocrx_word' id='word_1_161' title='bbox 527 1612 614 1644; x_wconf 90' lang='lat' dir='ltr'>hunc</span> <span class='ocrx_word' id='word_1_162' title='bbox 637 1611 672 1643; x_wconf 89' lang='lat' dir='ltr'>in</span> <span class='ocrx_word' id='word_1_163' title='bbox 696 1609 778 1642; x_wconf 89' lang='lat' dir='ltr'>urbe</span> 
     </span>
     <span class='ocr_line' id='line_1_47' title="bbox 373 1658 764 1699; baseline -0.005 -7"><span class='ocrx_word' id='word_1_164' title='bbox 373 1659 558 1693; x_wconf 83' lang='lat' dir='ltr'>Praesulem</span> <span class='ocrx_word' id='word_1_165' title='bbox 587 1658 764 1699; x_wconf 86' lang='lat' dir='ltr'>Sebastiae,</span> 
     </span>
    </p>
   </div>
   <div class='ocr_carea' id='block_1_20' title="bbox 238 1716 873 2166">
    <p class='ocr_par' dir='ltr' id='par_1_22' title="bbox 238 1716 873 2166">
     <span class='ocr_line' id='line_1_48' title="bbox 239 1716 873 1759; baseline -0.005 -7"><span class='ocrx_word' id='word_1_166' title='bbox 239 1719 297 1752; x_wconf 83' lang='lat' dir='ltr'>3a.</span> <span class='ocrx_word' id='word_1_167' title='bbox 323 1717 421 1751; x_wconf 88' lang='lat' dir='ltr'>Hunc</span> <span class='ocrx_word' id='word_1_168' title='bbox 445 1724 590 1759; x_wconf 84' lang='lat' dir='ltr'>agrestes</span> <span class='ocrx_word' id='word_1_169' title='bbox 614 1717 756 1751; x_wconf 85' lang='lat' dir='ltr'>lustrant</span> <span class='ocrx_word' id='word_1_170' title='bbox 773 1716 873 1758; x_wconf 85' lang='lat' dir='ltr'>ferae,</span> 
     </span>
     <span class='ocr_line' id='line_1_49' title="bbox 323 1765 844 1809; baseline -0.004 -9"><span class='ocrx_word' id='word_1_171' title='bbox 323 1767 390 1800; x_wconf 87' lang='lat' dir='ltr'>Per</span> <span class='ocrx_word' id='word_1_172' title='bbox 414 1776 507 1808; x_wconf 85' lang='lat' dir='ltr'>quem</span> <span class='ocrx_word' id='word_1_173' title='bbox 533 1766 676 1809; x_wconf 87' lang='lat' dir='ltr'>gaudent</span> <span class='ocrx_word' id='word_1_174' title='bbox 696 1765 844 1798; x_wconf 83' lang='lat' dir='ltr'>obtinere</span> 
     </span>
     <span class='ocr_line' id='line_1_50' title="bbox 371 1815 703 1857; baseline 0 -9"><span class='ocrx_word' id='word_1_175' title='bbox 371 1815 544 1857; x_wconf 86' lang='lat' dir='ltr'>Sospitatis</span> <span class='ocrx_word' id='word_1_176' title='bbox 568 1816 703 1857; x_wconf 80' lang='lat' dir='ltr'>gaudia3</span> 
     </span>
     <span class='ocr_line' id='line_1_51' title="bbox 238 1873 743 1915; baseline -0.002 -8"><span class='ocrx_word' id='word_1_177' title='bbox 238 1875 301 1909; x_wconf 85' lang='lat' dir='ltr'>4a.</span> <span class='ocrx_word' id='word_1_178' title='bbox 327 1874 502 1907; x_wconf 87' lang='lat' dir='ltr'>Bellatoris</span> <span class='ocrx_word' id='word_1_179' title='bbox 526 1883 643 1915; x_wconf 87' lang='lat' dir='ltr'>corpus</span> <span class='ocrx_word' id='word_1_180' title='bbox 670 1873 743 1906; x_wconf 85' lang='lat' dir='ltr'>dari</span> 
     </span>
     <span class='ocr_line' id='line_1_52' title="bbox 322 1922 756 1964; baseline -0.005 -8"><span class='ocrx_word' id='word_1_181' title='bbox 322 1923 460 1956; x_wconf 86' lang='lat' dir='ltr'>Praeses</span> <span class='ocrx_word' id='word_1_182' title='bbox 486 1923 590 1964; x_wconf 87' lang='lat' dir='ltr'>jubet,</span> <span class='ocrx_word' id='word_1_183' title='bbox 615 1922 756 1956; x_wconf 85' lang='lat' dir='ltr'>lacerari</span> 
     </span>
     <span class='ocr_line' id='line_1_53' title="bbox 370 1971 719 2013; baseline -0.006 -8"><span class='ocrx_word' id='word_1_184' title='bbox 370 1971 502 2005; x_wconf 84' lang='lat' dir='ltr'>Ferreis</span> <span class='ocrx_word' id='word_1_185' title='bbox 525 1971 719 2013; x_wconf 83' lang='lat' dir='ltr'>pectinibus,</span> 
     </span>
     <span class='ocr_line' id='line_1_54' title="bbox 240 2029 737 2071; baseline -0.004 -9"><span class='ocrx_word' id='word_1_186' title='bbox 240 2030 297 2062; x_wconf 88' lang='lat' dir='ltr'>5a.</span> <span class='ocrx_word' id='word_1_187' title='bbox 323 2029 429 2062; x_wconf 89' lang='lat' dir='ltr'>Lacus</span> <span class='ocrx_word' id='word_1_188' title='bbox 453 2032 541 2063; x_wconf 85' lang='lat' dir='ltr'>totus</span> <span class='ocrx_word' id='word_1_189' title='bbox 567 2029 737 2071; x_wconf 78' lang='lat' dir='ltr'>exarescit,</span> 
     </span>
     <span class='ocr_line' id='line_1_55' title="bbox 322 2077 726 2118; baseline -0.005 -8"><span class='ocrx_word' id='word_1_190' title='bbox 322 2078 419 2118; x_wconf 80' lang='lat' dir='ltr'>Aqua</span> <span class='ocrx_word' id='word_1_191' title='bbox 444 2080 512 2111; x_wconf 85' lang='lat' dir='ltr'>tota</span> <span class='ocrx_word' id='word_1_192' title='bbox 538 2077 726 2117; x_wconf 79' lang='lat' dir='ltr'>extabescit,</span> 
     </span>
     <span class='ocr_line' id='line_1_56' title="bbox 370 2124 832 2166; baseline -0.006 -7"><span class='ocrx_word' id='word_1_193' title='bbox 370 2126 457 2160; x_wconf 89' lang='lat' dir='ltr'>Dum</span> <span class='ocrx_word' id='word_1_194' title='bbox 482 2129 613 2159; x_wconf 82' lang='lat' dir='ltr'>sanctus</span> <span class='ocrx_word' id='word_1_195' title='bbox 638 2124 832 2166; x_wconf 84' lang='lat' dir='ltr'>ing-reditur,</span> 
     </span>
    </p>
   </div>
   <div class='ocr_carea' id='block_1_21' title="bbox 241 2182 783 2321">
    <p class='ocr_par' dir='ltr' id='par_1_23' title="bbox 241 2182 783 2321">
     <span class='ocr_line' id='line_1_57' title="bbox 241 2182 783 2224; baseline -0.004 -8"><span class='ocrx_word' id='word_1_196' title='bbox 241 2184 298 2219; x_wconf 80' lang='lat' dir='ltr'>6a,</span> <span class='ocrx_word' id='word_1_197' title='bbox 325 2183 423 2218; x_wconf 86' lang='lat' dir='ltr'>Jussu</span> <span class='ocrx_word' id='word_1_198' title='bbox 447 2185 580 2218; x_wconf 83' lang='lat' dir='ltr'>tandem</span> <span class='ocrx_word' id='word_1_199' title='bbox 603 2182 783 2224; x_wconf 85' lang='lat' dir='ltr'>praesidali</span> 
     </span>
     <span class='ocr_line' id='line_1_58' title="bbox 321 2230 732 2273; baseline -0.007 -8"><span class='ocrx_word' id='word_1_200' title='bbox 321 2233 451 2266; x_wconf 83' lang='lat' dir='ltr'>Poenae</span> <span class='ocrx_word' id='word_1_201' title='bbox 477 2232 573 2265; x_wconf 87' lang='lat' dir='ltr'>datur</span> <span class='ocrx_word' id='word_1_202' title='bbox 599 2230 732 2273; x_wconf 83' lang='lat' dir='ltr'>capitali</span> 
     </span>
     <span class='ocr_line' id='line_1_59' title="bbox 372 2279 755 2321; baseline -0.01 -6"><span class='ocrx_word' id='word_1_203' title='bbox 372 2281 453 2315; x_wconf 86' lang='lat' dir='ltr'>Cum</span> <span class='ocrx_word' id='word_1_204' title='bbox 478 2281 601 2314; x_wconf 89' lang='lat' dir='ltr'>duobus</span> <span class='ocrx_word' id='word_1_205' title='bbox 625 2279 755 2321; x_wconf 82' lang='lat' dir='ltr'>pueris3</span> 
     </span>
    </p>
   </div>
   <div class='ocr_carea' id='block_1_22' title="bbox 936 1404 1556 1543">
    <p class='ocr_par' dir='ltr' id='par_1_24' title="bbox 936 1404 1556 1543">
     <span class='ocr_line' id='line_1_60' title="bbox 936 1404 1556 1449; baseline 0 -10"><span class='ocrx_word' id='word_1_206' title='bbox 936 1404 997 1439; x_wconf 84' lang='grc'>11).</span> <span class='ocrx_word' id='word_1_207' title='bbox 1024 1404 1146 1439; x_wconf 87' lang='lat' dir='ltr'>Christi</span> <span class='ocrx_word' id='word_1_208' title='bbox 1169 1404 1278 1445; x_wconf 88' lang='lat' dir='ltr'>fidem,</span> <span class='ocrx_word' id='word_1_209' title='bbox 1304 1406 1339 1438; x_wconf 90' lang='lat' dir='ltr'>in</span> <span class='ocrx_word' id='word_1_210' title='bbox 1365 1414 1428 1446; x_wconf 84' lang='lat' dir='ltr'>qua</span> <span class='ocrx_word' id='word_1_211' title='bbox 1453 1404 1556 1449; x_wconf 84' lang='lat' dir='ltr'>fulsit,</span> 
     </span>
     <span class='ocr_line' id='line_1_61' title="bbox 1021 1453 1434 1487; baseline 0 0"><span class='ocrx_word' id='word_1_212' title='bbox 1021 1453 1231 1487; x_wconf 86' lang='lat' dir='ltr'>Praedicavit</span> <span class='ocrx_word' id='word_1_213' title='bbox 1255 1457 1289 1486; x_wconf 88' lang='lat' dir='ltr'>et</span> <span class='ocrx_word' id='word_1_214' title='bbox 1313 1454 1434 1487; x_wconf 84' lang='lat' dir='ltr'>avulsit</span> 
     </span>
     <span class='ocr_line' id='line_1_62' title="bbox 1067 1502 1413 1543; baseline 0 -8"><span class='ocrx_word' id='word_1_215' title='bbox 1067 1502 1208 1535; x_wconf 86' lang='lat' dir='ltr'>Errores</span> <span class='ocrx_word' id='word_1_216' title='bbox 1234 1503 1413 1543; x_wconf 86' lang='lat' dir='ltr'>gentilium.</span> 
     </span>
    </p>
   </div>
   <div class='ocr_carea' id='block_1_23' title="bbox 935 1560 1563 1692">
    <p class='ocr_par' dir='ltr' id='par_1_25' title="bbox 935 1560 1563 1692">
     <span class='ocr_line' id='line_1_63' title="bbox 935 1560 1563 1603; baseline 0 -8"><span class='ocrx_word' id='word_1_217' title='bbox 935 1560 995 1595; x_wconf 71' lang='lat' dir='ltr'>ab.</span> <span class='ocrx_word' id='word_1_218' title='bbox 1019 1561 1212 1603; x_wconf 84' lang='lat' dir='ltr'>Monargiae</span> <span class='ocrx_word' id='word_1_219' title='bbox 1236 1561 1397 1594; x_wconf 87' lang='lat' dir='ltr'>scandens</span> <span class='ocrx_word' id='word_1_220' title='bbox 1419 1565 1563 1595; x_wconf 86' lang='lat' dir='ltr'>montem</span> 
     </span>
     <span class='ocr_line' id='line_1_64' title="bbox 1017 1610 1541 1644; baseline 0.002 -1"><span class='ocrx_word' id='word_1_221' title='bbox 1017 1610 1127 1643; x_wconf 87' lang='lat' dir='ltr'>Vitam</span> <span class='ocrx_word' id='word_1_222' title='bbox 1152 1612 1298 1643; x_wconf 86' lang='lat' dir='ltr'>sanctam</span> <span class='ocrx_word' id='word_1_223' title='bbox 1324 1612 1357 1641; x_wconf 83' lang='lat' dir='ltr'>et</span> <span class='ocrx_word' id='word_1_224' title='bbox 1380 1611 1541 1644; x_wconf 88' lang='lat' dir='ltr'>insontem</span> 
     </span>
     <span class='ocr_line' id='line_1_65' title="bbox 1066 1658 1348 1692; baseline 0 -2"><span class='ocrx_word' id='word_1_225' title='bbox 1066 1658 1170 1691; x_wconf 84' lang='lat' dir='ltr'>Duxit</span> <span class='ocrx_word' id='word_1_226' title='bbox 1193 1658 1348 1692; x_wconf 88' lang='lat' dir='ltr'>solitarie.</span> 
     </span>
    </p>
   </div>
   <div class='ocr_carea' id='block_1_24' title="bbox 935 1715 1490 1855">
    <p class='ocr_par' dir='ltr' id='par_1_26' title="bbox 935 1715 1490 1855">
     <span class='ocr_line' id='line_1_66' title="bbox 935 1715 1490 1758; baseline -0.002 -7"><span class='ocrx_word' id='word_1_227' title='bbox 935 1716 995 1751; x_wconf 85' lang='lat' dir='ltr'>3b.</span> <span class='ocrx_word' id='word_1_228' title='bbox 1018 1718 1120 1758; x_wconf 79' lang='lat' dir='ltr'>Quem</span> <span class='ocrx_word' id='word_1_229' title='bbox 1145 1715 1253 1750; x_wconf 83' lang='lat' dir='ltr'>fidelis</span> <span class='ocrx_word' id='word_1_230' title='bbox 1279 1716 1374 1750; x_wconf 85' lang='lat' dir='ltr'>offert</span> <span class='ocrx_word' id='word_1_231' title='bbox 1398 1727 1490 1758; x_wconf 84' lang='lat' dir='ltr'>anus,</span> 
     </span>
     <span class='ocr_line' id='line_1_67' title="bbox 1020 1764 1469 1807; baseline 0 -8"><span class='ocrx_word' id='word_1_232' title='bbox 1020 1766 1082 1799; x_wconf 84' lang='lat' dir='ltr'>Est</span> <span class='ocrx_word' id='word_1_233' title='bbox 1107 1764 1238 1798; x_wconf 83' lang='lat' dir='ltr'>effectus</span> <span class='ocrx_word' id='word_1_234' title='bbox 1263 1775 1346 1807; x_wconf 86' lang='lat' dir='ltr'>puer</span> <span class='ocrx_word' id='word_1_235' title='bbox 1371 1775 1469 1800; x_wconf 88' lang='lat' dir='ltr'>sanus</span> 
     </span>
     <span class='ocr_line' id='line_1_68' title="bbox 1068 1814 1446 1855; baseline 0.005 -8"><span class='ocrx_word' id='word_1_236' title='bbox 1068 1814 1179 1847; x_wconf 89' lang='lat' dir='ltr'>Sancti</span> <span class='ocrx_word' id='word_1_237' title='bbox 1202 1823 1265 1855; x_wconf 88' lang='lat' dir='ltr'>per</span> <span class='ocrx_word' id='word_1_238' title='bbox 1289 1814 1446 1849; x_wconf 85' lang='lat' dir='ltr'>subsidia.</span> 
     </span>
    </p>
   </div>
   <div class='ocr_carea' id='block_1_25' title="bbox 935 1871 1501 2012">
    <p class='ocr_par' dir='ltr' id='par_1_27' title="bbox 935 1871 1501 2012">
     <span class='ocr_line' id='line_1_69' title="bbox 935 1871 1459 1914; baseline 0.002 -8"><span class='ocrx_word' id='word_1_239' title='bbox 935 1872 997 1906; x_wconf 86' lang='lat' dir='ltr'>4b.</span> <span class='ocrx_word' id='word_1_240' title='bbox 1018 1871 1176 1906; x_wconf 86' lang='lat' dir='ltr'>Mulieres</span> <span class='ocrx_word' id='word_1_241' title='bbox 1202 1877 1328 1914; x_wconf 88' lang='lat' dir='ltr'>septem</span> <span class='ocrx_word' id='word_1_242' title='bbox 1353 1873 1459 1907; x_wconf 84' lang='lat' dir='ltr'>bonae</span> 
     </span>
     <span class='ocr_line' id='line_1_70' title="bbox 1021 1921 1415 1965; baseline 0.005 -12"><span class='ocrx_word' id='word_1_243' title='bbox 1021 1921 1224 1955; x_wconf 88' lang='lat' dir='ltr'>Assistentes</span> <span class='ocrx_word' id='word_1_244' title='bbox 1248 1922 1284 1955; x_wconf 84' lang='lat' dir='ltr'>in</span> <span class='ocrx_word' id='word_1_245' title='bbox 1309 1931 1415 1965; x_wconf 85' lang='lat' dir='ltr'>agone</span> 
     </span>
     <span class='ocr_line' id='line_1_71' title="bbox 1068 1970 1501 2012; baseline 0.005 -10"><span class='ocrx_word' id='word_1_246' title='bbox 1068 1970 1186 2003; x_wconf 84' lang='lat' dir='ltr'>Poenis</span> <span class='ocrx_word' id='word_1_247' title='bbox 1210 1970 1330 2004; x_wconf 81' lang='lat' dir='ltr'>dantur</span> <span class='ocrx_word' id='word_1_248' title='bbox 1354 1971 1501 2012; x_wconf 85' lang='lat' dir='ltr'>paribus.</span> 
     </span>
    </p>
   </div>
   <div class='ocr_carea' id='block_1_26' title="bbox 936 2027 1492 2169">
    <p class='ocr_par' dir='ltr' id='par_1_28' title="bbox 936 2027 1492 2169">
     <span class='ocr_line' id='line_1_72' title="bbox 936 2027 1492 2071; baseline 0.004 -10"><span class='ocrx_word' id='word_1_249' title='bbox 936 2027 998 2062; x_wconf 85' lang='lat' dir='ltr'>5b.</span> <span class='ocrx_word' id='word_1_250' title='bbox 1020 2027 1175 2062; x_wconf 89' lang='lat' dir='ltr'>Infideles</span> <span class='ocrx_word' id='word_1_251' title='bbox 1201 2029 1289 2062; x_wconf 90' lang='lat' dir='ltr'>hunc</span> <span class='ocrx_word' id='word_1_252' title='bbox 1312 2034 1492 2071; x_wconf 85' lang='lat' dir='ltr'>sequuntur</span> 
     </span>
     <span class='ocr_line' id='line_1_73' title="bbox 1018 2077 1480 2120; baseline 0.004 -10"><span class='ocrx_word' id='word_1_253' title='bbox 1018 2077 1063 2110; x_wconf 88' lang='lat' dir='ltr'>Et</span> <span class='ocrx_word' id='word_1_254' title='bbox 1088 2080 1202 2110; x_wconf 84' lang='lat' dir='ltr'>renato</span> <span class='ocrx_word' id='word_1_255' title='bbox 1227 2078 1480 2120; x_wconf 86' lang='lat' dir='ltr'>submerguntur</span> 
     </span>
     <span class='ocr_line' id='line_1_74' title="bbox 1067 2126 1477 2169; baseline 0.01 -11"><span class='ocrx_word' id='word_1_256' title='bbox 1067 2126 1170 2167; x_wconf 89' lang='lat' dir='ltr'>Lacu,</span> <span class='ocrx_word' id='word_1_257' title='bbox 1197 2126 1273 2160; x_wconf 85' lang='lat' dir='ltr'>dum</span> <span class='ocrx_word' id='word_1_258' title='bbox 1299 2129 1477 2169; x_wconf 86' lang='lat' dir='ltr'>egreditur.</span> 
     </span>
    </p>
   </div>
   <div class='ocr_carea' id='block_1_27' title="bbox 936 2183 1492 2324">
    <p class='ocr_par' dir='ltr' id='par_1_29' title="bbox 936 2183 1492 2324">
     <span class='ocr_line' id='line_1_75' title="bbox 936 2183 1492 2226; baseline 0.004 -8"><span class='ocrx_word' id='word_1_259' title='bbox 936 2183 994 2218; x_wconf 73' lang='lat'>61).</span> <span class='ocrx_word' id='word_1_260' title='bbox 1022 2183 1121 2225; x_wconf 85' lang='lat' dir='ltr'>Cujus</span> <span class='ocrx_word' id='word_1_261' title='bbox 1144 2193 1281 2226; x_wconf 86' lang='lat' dir='ltr'>precum</span> <span class='ocrx_word' id='word_1_262' title='bbox 1304 2186 1492 2220; x_wconf 84' lang='lat' dir='ltr'>interventu</span> 
     </span>
     <span class='ocr_line' id='line_1_76' title="bbox 1019 2232 1471 2268; baseline 0.002 -2"><span class='ocrx_word' id='word_1_263' title='bbox 1019 2232 1224 2267; x_wconf 86' lang='lat' dir='ltr'>Collocemur</span> <span class='ocrx_word' id='word_1_264' title='bbox 1247 2234 1282 2267; x_wconf 86' lang='lat' dir='ltr'>in</span> <span class='ocrx_word' id='word_1_265' title='bbox 1309 2238 1471 2268; x_wconf 89' lang='lat' dir='ltr'>conventu</span> 
     </span>
     <span class='ocr_line' id='line_1_77' title="bbox 1070 2281 1472 2324; baseline 0.005 -10"><span class='ocrx_word' id='word_1_266' title='bbox 1070 2281 1211 2315; x_wconf 85' lang='lat' dir='ltr'>Goelesti</span> <span class='ocrx_word' id='word_1_267' title='bbox 1237 2291 1309 2315; x_wconf 90' lang='lat' dir='ltr'>cum</span> <span class='ocrx_word' id='word_1_268' title='bbox 1333 2283 1472 2324; x_wconf 79' lang='lat' dir='ltr'>superis,</span> 
     </span>
    </p>
   </div>
   <div class='ocr_carea' id='block_1_28' title="bbox 237 2361 1578 2478">
    <p class='ocr_par' dir='ltr' id='par_1_30' title="bbox 237 2361 1578 2478">
     <span class='ocr_line' id='line_1_78' title="bbox 313 2361 1578 2405; baseline 0.004 -12"><span class='ocrx_word' id='word_1_269' title='bbox 313 2366 399 2394; x_wconf 79' lang='lat' dir='ltr'>Miss.</span> <span class='ocrx_word' id='word_1_270' title='bbox 423 2375 477 2394; x_wconf 86' lang='lat' dir='ltr'>ms.</span> <span class='ocrx_word' id='word_1_271' title='bbox 503 2366 674 2394; x_wconf 75' lang='lat' dir='ltr'>Biterrense</span> <span class='ocrx_word' id='word_1_272' title='bbox 698 2373 776 2392; x_wconf 84' lang='lat' dir='ltr'>sace.</span> <span class='ocrx_word' id='word_1_273' title='bbox 807 2361 852 2391; x_wconf 83' lang='lat'>14.</span> <span class='ocrx_word' id='word_1_274' title='bbox 880 2364 951 2392; x_wconf 84' lang='lat' dir='ltr'>Cod.</span> <span class='ocrx_word' id='word_1_275' title='bbox 979 2364 1009 2393; x_wconf 83' lang='lat' dir='ltr'>S.</span> <span class='ocrx_word' id='word_1_276' title='bbox 1038 2366 1167 2403; x_wconf 85' lang='lat' dir='ltr'>Josephi</span> <span class='ocrx_word' id='word_1_277' title='bbox 1192 2368 1386 2405; x_wconf 75' lang='lat' dir='ltr'>Lugdunens.</span> <span class='ocrx_word' id='word_1_278' title='bbox 1410 2369 1458 2397; x_wconf 81' lang='lat' dir='ltr'>Yd</span> <span class='ocrx_word' id='word_1_279' title='bbox 1485 2369 1512 2400; x_wconf 81' lang='grc'>5.</span> <span class='ocrx_word' id='word_1_280' title='bbox 1538 2389 1578 2393; x_wconf 91' lang='lat'>—-</span> 
     </span>
     <span class='ocr_line' id='line_1_79' title="bbox 237 2402 1578 2444; baseline 0.007 -13"><span class='ocrx_word' id='word_1_281' title='bbox 237 2402 290 2438; x_wconf 86' lang='lat' dir='ltr'>2b,</span> <span class='ocrx_word' id='word_1_282' title='bbox 314 2402 329 2431; x_wconf 86' lang='lat'>1</span> <span class='ocrx_word' id='word_1_283' title='bbox 351 2407 434 2433; x_wconf 84' lang='lat' dir='ltr'>sonst</span> <span class='ocrx_word' id='word_1_284' title='bbox 449 2404 542 2433; x_wconf 79' lang='lat' dir='ltr'>heisst</span> <span class='ocrx_word' id='word_1_285' title='bbox 560 2405 657 2433; x_wconf 87' lang='lat' dir='ltr'>dieser</span> <span class='ocrx_word' id='word_1_286' title='bbox 669 2404 748 2439; x_wconf 86' lang='lat' dir='ltr'>Berg</span> <span class='ocrx_word' id='word_1_287' title='bbox 759 2403 848 2430; x_wconf 84' lang='lat' dir='ltr'>Mons</span> <span class='ocrx_word' id='word_1_288' title='bbox 863 2402 987 2440; x_wconf 87' lang='lat' dir='ltr'>Argeus.</span> <span class='ocrx_word' id='word_1_289' title='bbox 1003 2420 1043 2425; x_wconf 90' lang='lat'>—</span> <span class='ocrx_word' id='word_1_290' title='bbox 1056 2403 1108 2439; x_wconf 74' lang='lat'>312,</span> <span class='ocrx_word' id='word_1_291' title='bbox 1133 2405 1148 2434; x_wconf 88' lang='lat'>1</span> <span class='ocrx_word' id='word_1_292' title='bbox 1164 2406 1230 2441; x_wconf 74' lang='lat' dir='ltr'>Que</span> <span class='ocrx_word' id='word_1_293' title='bbox 1242 2407 1299 2435; x_wconf 85' lang='lat' dir='ltr'>Hs.</span> <span class='ocrx_word' id='word_1_294' title='bbox 1314 2421 1352 2426; x_wconf 91' lang='lat'>—</span> <span class='ocrx_word' id='word_1_295' title='bbox 1365 2405 1420 2444; x_wconf 62' lang='lat'>421,</span> <span class='ocrx_word' id='word_1_296' title='bbox 1447 2408 1462 2437; x_wconf 92' lang='lat'>1</span> <span class='ocrx_word' id='word_1_297' title='bbox 1478 2411 1578 2440; x_wconf 80' lang='lat' dir='ltr'>Bella-</span> 
     </span>
     <span class='ocr_line' id='line_1_80' title="bbox 238 2441 1004 2478; baseline -0.001 -8"><span class='ocrx_word' id='word_1_298' title='bbox 238 2446 317 2471; x_wconf 74' lang='lat' dir='ltr'>tores</span> <span class='ocrx_word' id='word_1_299' title='bbox 338 2443 394 2471; x_wconf 87' lang='lat' dir='ltr'>Hs.</span> <span class='ocrx_word' id='word_1_300' title='bbox 416 2458 455 2462; x_wconf 98' lang='lat'><strong>—</strong></span> <span class='ocrx_word' id='word_1_301' title='bbox 473 2441 526 2478; x_wconf 75' lang='lat'>412,</span> <span class='ocrx_word' id='word_1_302' title='bbox 547 2441 567 2471; x_wconf 82' lang='lat'><strong>3</strong></span> <span class='ocrx_word' id='word_1_303' title='bbox 586 2443 674 2471; x_wconf 82' lang='lat' dir='ltr'>Prius</span> <span class='ocrx_word' id='word_1_304' title='bbox 697 2442 785 2470; x_wconf 83' lang='lat' dir='ltr'>datur</span> <span class='ocrx_word' id='word_1_305' title='bbox 803 2441 928 2478; x_wconf 74' lang='lat' dir='ltr'>paribus</span> <span class='ocrx_word' id='word_1_306' title='bbox 947 2442 1004 2470; x_wconf 84' lang='lat' dir='ltr'>Hs.</span> 
     </span>
    </p>
   </div>
  </div>
 </body>
</html>
