1652 2678
797 120 1062 156 -214-

680 216 748 248 286.
788 215 833 246 Dc
851 214 960 246 sancto
981 213 1120 246 Juliano.

268 301 327 333 la.
351 297 494 332 Plaudat
517 297 594 330 urbs
618 295 854 330 Cenomannica
963 294 1021 329 1b.
1045 294 1146 336 Ignis,
1172 302 1271 336 mors,
1299 293 1446 334 daemon,
1474 294 1583 325 cetera

398 345 533 378 Honore
554 344 637 377 tanti
661 343 832 385 praesulis,
1095 342 1223 377 Cedunt
1248 342 1289 375 ab
1316 340 1572 382 aegrotantibus,

349 395 414 427 Per
439 402 530 433 quem
557 395 649 424 tanta
671 391 830 424 miracula
1044 391 1098 423 Ac
1123 390 1242 423 dantur
1266 390 1312 422 eis
1336 397 1472 422 munera

393 441 494 473 Fiunt
521 440 632 473 diebus
657 439 802 481 singulis.
1091 440 1237 472 Aeterna
1262 439 1331 479 eJ'us
1356 438 1519 478 precibus.

266 502 323 534 211.
354 499 507 531 Laetetur
534 496 671 529 ecclesia
959 496 1021 530 2b.
1043 496 1166 529 Juliam'
1192 495 1364 536 praesulis,

349 546 530 579 Devotione
553 544 609 585 pia
1042 544 1214 585 Fulgentis
1235 543 1413 584 miraculis,

353 592 529 628 Celebrans
554 592 711 626 solemnia
1043 593 1169 626 Psallat
1192 593 1286 625 novis
1311 591 1451 624 modu-lis

399 640 478 673 Cum
502 640 620 682 gaudio
1091 640 1185 673 Haec
1210 641 1333 675 concio.

264 702 321 735 3a.
348 698 445 731 Hunc
468 707 592 731 morum
615 698 778 736 nobilitas,
970 697 1024 731 31).
1047 697 1210 731 Defensor
1235 701 1268 730 et,
1293 698 1419 738 civitas,

348 747 459 780 Bonae
483 747 570 779 vitae
595 746 750 779 sanctitas
1044 746 1160 779 Fontis
1187 746 1268 779 clari
1293 746 1420 779 novitas

349 795 451 827 Ornat
474 797 570 835 atque
596 794 726 827 claritas
1044 795 1091 828 Et
1113 795 1244 835 puellae
1268 795 1390 827 sanitas

398 843 483 876 Suae
506 843 621 883 gentis.
1094 843 1315 884 Resurgentis.

267 904 326 936 4a.
352 900 475 934 Juliani
498 900 651 942 precibus
961 900 1022 934 4b.
1044 901 1100 934 Ad
1126 903 1159 933 te
1183 900 1454 942 supplicantibus,

350 949 418 981 Dat
440 947 530 981 Deus
555 949 746 982 ardentibus
1044 949 1180 981 Festum
1206 949 1448 982 celebrantibus

352 996 541 1037 ueterisque
565 997 713 1030 omnibus
1047 997 1183 1030 Devotis
1209 997 1388 1030 visceribus

397 1043 599 1079 Remedium.
1094 1045 1148 1078 Da
1172 1046 1337 1086 gaudium.

267 1106 324 1138 δα,
351 1102 417 1134 Vas
442 1102 686 1136 misericordiae
965 1103 1026 1137 5b.
1049 1104 1111 1145 Da,
1135 1106 1171 1136 ut
1197 1102 1262 1138 frui
1288 1104 1394 1145 gratia

350 1150 396 1183 Et
421 1150 535 1183 doctor
560 1152 697 1192 egregie,
1048 1153 1135 1186 Pace
1161 1154 1193 1184 et
1217 1152 1392 1185 concordia

351 1199 469 1232 Preces
492 1201 620 1231 nostras
646 1199 743 1232 hodie
1047 1201 1166 1233 Valeat
1190 1201 1338 1242 ecclesia,

399 1246 466 1279 Fer
489 1249 524 1279 in
551 1247 659 1282 caeliS.
1096 1249 1233 1282 Praesul
1259 1249 1350 1282 felix.

673 1307 705 1339 6.
733 1305 853 1338 Sancte
875 1307 1007 1346 praesul
1031 1307 1161 1348 nobilis,

730 1353 835 1386 Nobis
860 1354 1036 1386 invisibilis

733 1402 848 1436 Custos
874 1402 1055 1436 amicabilis

805 1449 856 1483 Sis
880 1451 916 1483 in
936 1460 1061 1486 aevum.

352 1525 435 1553 Misae.
455 1524 633 1554 Pictavense
652 1527 723 1564 imp.
743 1527 871 1556 Parisiis
893 1526 977 1556 1541.

709 1639 775 1671 287.
816 1640 861 1673 De
880 1642 989 1673 sancto
1010 1640 1158 1674 Juniauo.

273 1710 328 1742 la.
356 1707 443 1750 Pius,
469 1708 613 1749 prudens
640 1712 673 1742 et
697 1710 847 1753 pudicus,
968 1711 1029 1745 11).
1051 1714 1175 1745 Amans
1202 1714 1370 1754 amplexus
1396 1713 1552 1747 Rachelis

354 1755 416 1788 Dei
442 1765 554 1790 servus
581 1760 614 1789 et,
638 1759 771 1800 amicus,
1051 1761 1315 1796 Conversabatur
1338 1762 1373 1795 in
1401 1764 1499 1796 caelis

403 1803 561 1838 Junianus
586 1805 715 1848 nobilis,
1101 1810 1215 1843 Mente
1240 1811 1344 1846 Jacob
1370 1811 1513 1846 humilis.

270 1866 328 1898 2a.
354 1863 419 1896 Hic
443 1862 477 1895 in
501 1864 598 1896 terris
625 1864 707 1897 vixit
730 1865 777 1897 ita
967 1867 1026 1901 2b.
1048 1869 1096 1902 Ut
1118 1869 1153 1900 in
1179 1878 1258 1902 auro
1284 1870 1463 1911 margarita

352 1911 531 1944 Monachus
558 1915 591 1944 et
615 1913 750 1945 eremita
1048 1916 1236 1958 Effulgebat
1260 1919 1329 1959 ejus
1355 1919 1424 1952 vita

401 1958 570 1993 Gratiosus
590 1962 731 2003 populis,
1096 1966 1306 1999 Pictavorum
1331 1968 1446 2003 oculis.

270 2019 327 2051 3a.
354 2017 549 2057 Prophetico
574 2020 736 2060 prompsit
761 2027 818 2052 ore
966 2022 1025 2056 3b.
1047 2024 1295 2058 Auremundum
1322 2029 1356 2058 et
1380 2027 1575 2068 praegnanti

355 2065 581 2099 Suecessorem
605 2066 669 2099 sibi
694 2066 766 2099 fore
1048 2072 1152 2104 Matri
1177 2071 1265 2106 fame
1289 2074 1455 2109 laboranti

404 2113 538 2147 Clausus
563 2114 671 2147 adhuc
694 2117 787 2147 utero
1097 2120 1166 2153 Dat
1189 2131 1305 2155 aurum
1326 2132 1388 2164 pro
1413 2134 1526 2166 puero.

269 2173 327 2205 4a.
355 2172 423 2205 Aer
445 2173 536 2205 velut
560 2171 666 2204 socius
965 2176 1025 2210 41).
1052 2178 1170 2219 Stupet
1194 2188 1254 2213 rex
1280 2182 1478 2225 Chlotarius,

353 2220 415 2252 Vel
440 2220 526 2252 socio
549 2220 664 2253 melius
1052 2226 1146 2259 Genu
1169 2226 1272 2262 flectit
1297 2230 1408 2263 mitius

400 2267 505 2300 Tenet
524 2268 629 2308 patris
654 2268 816 2308 baculum,
1098 2275 1147 2308 Ob
1174 2278 1301 2310 tantum
1325 2279 1528 2314 miraculum.

271 2325 329 2357 5a.
356 2324 422 2356 Vas
446 2335 544 2366 apum
568 2327 777 2366 amplectitur
966 2329 1025 2365 51).
1047 2332 1114 2365 Bos
1140 2343 1162 2366 a
1183 2332 1259 2367 fure
1283 2336 1422 2380 rapitur,

352 2371 431 2412 Fur,
459 2374 511 2405 cui
537 2375 738 2407 connectitur
1051 2379 1121 2413 Fur
1147 2391 1167 2413 a
1191 2381 1276 2416 bove
1301 2384 1444 2418 trahitur

403 2419 496 2453 Justo
520 2421 584 2454 Dei
606 2422 742 2462 glutino.
1099 2429 1264 2463 Restituto
1291 2431 1432 2466 domino.
