1652 2678
720 79 985 115 —183—

191 174 231 207 11
242 183 271 207 a.
298 175 459 217 Apostolo
484 177 604 210 Parisii
888 177 971 211 nb.
996 177 1172 218 Nostrique
1196 176 1384 209 monasterii

346 223 536 258 Gaudenter
548 226 625 258 huic
633 226 826 268 occurritur,
1042 225 1151 258 Altari
1175 225 1416 266 superponitur.

187 282 268 315 1222.
295 281 335 314 In
360 290 491 323 capsam
514 281 634 316 factam
659 284 788 317 noviter
886 281 971 319 12b.
995 283 1083 323 Quae
1109 280 1286 315 transferat
1310 281 1453 315 finaliter

345 329 557 364 Transfertur
565 335 678 365 nostra
685 332 824 374 domina,
1041 331 1110 364 Nos
1128 331 1171 364 ad
1193 331 1355 364 coelorum
1373 330 1524 364 culmina.

262 415 350 443 Miss.
375 423 432 444 ms.
456 415 488 444 S.
507 415 633 445 Aeheoli
654 425 732 445 saec.
755 413 800 444 15.
822 416 892 445 Cod,
912 417 1105 445 Ambianens.
1130 414 1194 444 160,
1214 432 1252 436 —
1273 415 1325 450 712,
1349 415 1363 444 1
1384 424 1438 453 pro
1460 423 1524 443 eam

184 453 240 481 Hs.
261 467 300 472 —-
321 453 365 481 Zu
387 451 448 482 loa
466 454 528 491 vgl.
548 456 626 483 Acta
639 454 691 485 SS.
706 455 775 484 Jan.
790 455 814 483 Ι.
834 464 863 492 p.
887 452 942 482 149
962 465 990 483 n.
1014 453 1066 483 12:
1089 455 1241 492 „Cumque
1260 454 1410 483 alveolum
1429 457 1526 482 trans-

184 492 323 527 issemus,
345 494 510 521 exstinctus
533 498 579 523 est
598 502 710 529 cereus,
732 494 784 522 sed
806 503 876 522 mox
896 495 1052 522 orantibus
1072 494 1215 522 fratribus
1237 496 1283 522 est
1302 492 1471 522 accensus.“

621 616 691 648 243.
731 616 776 648 De
800 617 909 648 sancto
932 616 1094 649 Germano.

587 689 617 721 1.
644 686 732 720 Laus
758 687 829 729 tibi,
856 696 980 720 summe
1004 688 1103 730 Deus,

644 744 737 776 quem
760 744 978 776 praenoscens
1002 736 1152 769 Elisaeus

643 784 757 816 mundi
782 786 978 818 salvatorem

186 851 246 882 2a.
274 849 381 883 Carne
406 853 536 891 sumpta
561 850 650 884 ferro
911 851 971 886 2b.
994 852 1093 892 Quem
1118 852 1173 884 lex
1197 850 1413 893 praefig-urani

268 898 490 939 poenitentiae
997 899 1191 932 contestavit

271 946 489 988 manubrium,
996 948 1221 981 adventurum.

185 1015 244 1048 32.
272 1014 422 1056 Namque
446 1015 565 1049 venisti
912 1016 971 1050 3b.
995 1015 1083 1048 Voce
1108 1020 1240 1049 vocatus

269 1063 303 1095 in
328 1063 458 1095 hortum
997 1064 1136 1097 dilectae

269 1111 426 1144 vallatum
451 1112 530 1144 liliis
993 1112 1076 1144 rosis
1104 1112 1331 1145 corruscantis.

183 1180 241 1211 4a.
269 1179 387 1212 Pastus
413 1189 447 1212 es
473 1180 556 1212 rosis
910 1179 970 1212 4b.
993 1179 1045 1211 De
1069 1180 1185 1221 quibus
1211 1182 1357 1212 sanctum

266 1228 299 1259 in
323 1228 533 1270 martyribus,
994 1229 1052 1259 tua
1075 1228 1198 1261 virtute

266 1275 345 1308 liliis
995 1274 1191 1309 Germanum

269 1332 347 1356 vero
372 1323 406 1356 in
434 1323 685 1369 confessoribus,
995 1324 1169 1357 illustrasti
1195 1324 1339 1366 speciali.

180 1394 237 1425 5a.
266 1390 327 1432 Qui
350 1400 441 1424 more
465 1401 592 1433 pagano
910 1392 969 1424 5b.
995 1391 1282 1425 Praemonstrante
1306 1392 1376 1425 Deo

269 1439 397 1481 relicto,
423 1441 590 1474 Amatoris
994 1443 1044 1472 est
1067 1439 1174 1473 factus
1200 1450 1264 1474 una
1290 1441 1430 1474 omnium

264 1487 427 1529 praesulis
453 1497 631 1531 successor,
993 1497 1074 1521 voce
1096 1489 1290 1530 postulatus.

180 1557 239 1590 6a.
267 1556 327 1597 Qui
354 1560 487 1590 cunctos
513 1558 657 1590 moribus
908 1557 969 1590 6b.
991 1556 1183 1590 Doctrinam
1207 1555 1286 1589 fidei

262 1603 463 1646 informavit,
992 1605 1200 1645 restauravit,

258 1653 390 1685 virtutis
416 1654 593 1694 splendore
990 1654 1151 1686 haeresim
1177 1653 1302 1694 Pelagii

264 1710 343 1743 quos
370 1702 510 1744 ornavit,
992 1711 1064 1734 cum
1091 1702 1258 1735 damnavit

264 1749 417 1792 fovendo,
444 1750 598 1791 pellendo
996 1750 1106 1783 divino
1132 1758 1291 1791 sermone,

267 1799 460 1832 daemonum
487 1798 579 1832 dolos
991 1798 1142 1831 Britanni
1166 1799 1312 1838 gaudent

264 1850 297 1880 et
320 1847 452 1880 morbos
477 1848 598 1881 varios.
992 1847 1081 1880 victa
1105 1845 1262 1881 falsitate.

178 1917 234 1950 va.
261 1915 355 1949 Inter
379 1925 460 1958 quos
485 1924 547 1957 per
571 1916 678 1958 ipsum
910 1914 966 1949 7b.
993 1914 1158 1947 sedantur
1181 1915 1318 1956 proelia,

260 1965 386 1998 tribuni
411 1974 510 1998 caeca
990 1963 1166 1996 multorum
1189 1963 1335 1996 membra

261 2013 388 2055 recepit
411 2013 481 2047 filia
505 2015 621 2054 visum,
992 2010 1218 2045 confortantur
1245 2012 1376 2047 debilia.

174 2084 233 2118 8a.
261 2083 327 2116 Hic
351 2082 419 2115 late
443 2082 546 2116 verba
907 2081 966 2115 8b.
990 2081 1146 2114 Oratione

259 2132 349 2165 vitae
374 2131 514 2164 stillavit
993 2130 1084 2170 cujus
1108 2131 1256 2162 mortuus

259 2181 492 2222 miraculisque
993 2182 1043 2211 est
1067 2179 1155 2212 vitae
1178 2178 1341 2219 pristinae

257 2230 471 2273 corruscavit,
990 2229 1171 2261 restitutus.

172 2300 230 2334 9a.
256 2298 402 2332 Assidue
909 2297 970 2331 9b.
993 2297 1175 2337 Praecipue

251 2348 444 2391 jejunando,
989 2344 1143 2378 fidelibus

254 2406 370 2439 preces
398 2397 508 2431 dando
537 2400 570 2430 et
593 2396 762 2439 vigilando
991 2394 1128 2429 salutem
1153 2394 1231 2428 tulit
1255 2394 1435 2430 animabus,
