1652 2678
749 93 990 129 *23-

198 190 257 223 7a.
285 188 538 224 Circumciditur
901 190 961 225 7b.
984 190 1193 225 circumcisio

281 246 365 279 puer
394 240 502 280 Jesus,
983 239 1123 280 primum
1149 249 1244 273 sacra

282 286 322 319 fit
344 287 411 329 legi
435 287 597 329 subditus,
984 287 1141 321 Abrahae
1163 288 1274 329 posita

283 336 338 375 qui
369 335 460 369 dedit
486 345 557 369 eam
581 336 740 377 patribus.
984 341 1060 377 post
1083 336 1194 369 Jesum
1219 339 1330 378 torpet
1354 346 1466 369 vacua.

198 415 258 447 8a.
285 412 359 445 Lux
382 412 498 453 ingens
522 415 607 454 orta,
900 413 961 448 812.
982 413 1083 446 Vetus
1108 414 1217 454 sopita

283 464 461 502 propterea
984 462 1029 494 sis
1054 462 1184 503 pagina,

282 518 348 542 non
374 511 450 542 sunt
480 509 651 543 condenda
986 510 1083 543 cubes
1108 509 1232 542 intacta

284 558 393 590 omnia
416 566 512 591 nova.
984 561 1120 599 superat
1141 567 1237 591 nova.

199 636 257 668 9a.
284 634 348 666 Per
374 643 469 675 quam
495 636 544 667 est
571 634 666 675 culpa
902 633 961 668 9b.
982 633 1137 667 Exsultet
1160 635 1231 669 Deo

280 682 421 723 spoliata
984 682 1143 725 angelica,

284 733 317 763 et
341 729 448 771 prima
473 730 563 770 origo
985 730 1126 764 laetetur
1151 732 1282 766 Christo
1308 732 1402 774 plebs

282 779 454 819 redempta
984 778 1065 812 haec
1087 780 1162 821 ima,

279 835 434 869 morsque
457 826 669 867 triumphata,
983 827 1056 860 laus
1080 837 1100 860 o
1125 837 1221 869 quam
1245 828 1377 862 inclita!

610 905 665 939 10.
694 903 808 937 Gloria
827 904 915 944 patri
941 903 985 936 sit
1009 914 1133 938 summa

695 953 828 993 ejusque
852 953 940 993 proli
961 952 1005 984 sit,
1030 962 1144 994 aequa,

692 1000 836 1034 Flamini
859 1010 922 1041 par
947 1009 1072 1043 quoque

692 1049 725 1081 in
752 1049 892 1083 saecula.

276 1135 401 1171 Tropar.
424 1144 478 1163 ms.
501 1135 717 1164 Oameracense
737 1143 814 1163 saec.
836 1131 912 1163 1⁰l11.
935 1133 1005 1162 Cod.
1021 1134 1227 1163 Cameracens.
1240 1133 1287 1163 79.
1302 1136 1338 1163 A.
1359 1150 1397 1155 —
1417 1136 1542 1172 Tropar.

196 1183 250 1202 ms.
267 1172 482 1202 Cameracense
502 1182 579 1202 saec.
601 1172 677 1203 ¹¹l12.
701 1173 771 1201 Cod.
787 1173 992 1202 Oameraoens.
1008 1171 1054 1201 61.
1069 1173 1102 1201 B.
1184 1173 1210 1208 1,
1232 1171 1250 1200 2
1271 1174 1417 1210 quidquid
1430 1175 1492 1202 AB.
1504 1189 1543 1193 -—

199 1211 223 1247 1,
246 1210 266 1241 4
285 1212 375 1240 litera
394 1212 428 1240 B.
446 1228 487 1233 —
507 1211 559 1247 Ga,
584 1211 598 1240 1
622 1213 754 1241 soIveret
773 1213 808 1240 A.
831 1227 867 1231 —
890 1209 942 1247 8b‚
964 1209 982 1239 3
1003 1213 1093 1240 cub‹s
1114 1223 1154 1234 =
1176 1212 1271 1240 tuba?
1294 1228 1328 1232 ·-
1352 1211 1405 1248 912,
1426 1212 1446 1241 4
1465 1213 1542 1241 haec

196 1253 265 1280 usia
284 1251 318 1279 B.
340 1268 378 1272 —
398 1248 447 1288 10,
467 1249 486 1279 2
507 1259 572 1287 sqq.
593 1251 694 1279 fehlen
711 1251 746 1279 B.

665 1392 715 1424 20.
756 1392 792 1424 In
813 1391 998 1434 Epiphania
1018 1393 1076 1425 DN.

665 1465 695 1499 1.
723 1465 819 1498 Hanc
846 1464 933 1498 diem
957 1464 1062 1498 tribus

722 1512 882 1546 Dominus
907 1513 1009 1554 signis

724 1562 884 1595 illustrat:

195 1651 253 1683 2a.
281 1649 369 1682 Puer
393 1648 488 1681 nobis
513 1648 648 1683 veniens
899 1650 963 1683 210.
985 1651 1024 1683 In
1048 1658 1210 1691 praesepe
1234 1650 1376 1693 ponitur,

281 1698 322 1730 de
347 1697 498 1738 supernis
983 1698 1169 1731 adorandus

280 1749 313 1778 et
337 1746 477 1779 induens
502 1746 655 1779 mortalia
981 1749 1182 1780 monstratur
1205 1746 1302 1779 stella
1325 1747 1472 1787 praevia..

196 1825 255 1858 3a.
283 1823 324 1856 In
350 1823 484 1857 Oriente
900 1824 961 1858 31).
983 1821 1160 1856 Persarum
1185 1831 1278 1863 reges

280 1874 449 1904 cernentes
474 1880 559 1905 nova
583 1871 706 1905 lumina
983 1872 1163 1904 adcurrunt
1188 1872 1267 1905 dare
1291 1881 1426 1906 munera

193 1951 254 1984 4a.
282 1948 380 1991 Nato,
408 1950 463 1990 qui
490 1958 561 1984 cum
586 1952 682 1990 patre
899 1950 958 1983 412.
982 1949 1029 1982 Et
1050 1949 1220 1992 gubernat,
1246 1954 1372 1984 montes

276 1998 362 2041 regit
389 2001 506 2032 cuncta
530 1999 640 2032 saecla
983 1999 1079 2031 etiam
1105 1999 1278 2039 ponderat.

194 2079 251 2112 5a.
278 2076 416 2120 Aurum,
443 2076 519 2110 thus
546 2079 579 2109 et
601 2077 768 2119 myrrham
899 2077 1147 2111 5b..Johannes
1166 2078 1307 2120 expavit,

279 2123 464 2158 deferentes
983 2126 1180 2159 salvatorem

276 2173 358 2215 regi,
390 2182 500 2206 veram
529 2182 657 2207 carnem
979 2175 1116 2216 tingere,
1144 2175 1305 2208 clamans:
1335 2184 1386 2208 me

275 2222 492 2264 assumpsisse
980 2224 1084 2266 magis
1109 2226 1145 2256 tu
1170 2224 1263 2266 lava3

275 2271 388 2314 typice
412 2272 618 2311 praedicant.
982 2273 1024 2306 de
1049 2273 1140 2306 coelo
1164 2273 1292 2306 intonat

273 2320 432 2355 „Iordanis
458 2320 557 2354 hodie
981 2322 1119 2363 genitor,
1145 2320 1207 2354 filii

275 2372 365 2403 retro
394 2368 561 2403 subtrahit
583 2370 734 2407 undulas,
979 2371 1099 2411 placet,
1126 2371 1242 2414 inquit,
1270 2372 1385 2413 gloria.
