1652 2678
779 93 1044 128 —110—-

245 195 305 228 4a.
332 194 420 235 Quae
446 194 621 233 damnavit,
944 189 1005 223 41).
1027 189 1126 230 Virgo
1154 187 1259 220 credit

335 242 408 275 Jam
433 242 582 281 salvavit,
1029 236 1074 269 Et
1098 235 1221 276 obedit,

330 291 420 332 Quae
444 290 632 331 prostravit,
1027 284 1187 317 Fructum
1214 283 1317 323 dedit,

330 337 529 379 Sufflevavst,
1028 332 1128 372 Quem
1162 332 1346 372 commedit,

380 387 525 428 Simplex
549 387 588 418 fit
611 383 737 417 relatio.
1078 381 1280 423 Angelorum
1306 381 1428 415 concio.

246 449 303 480 5a.
331 445 404 478 Jam
428 446 462 477 in
488 442 581 483 prole
605 441 720 482 gaude,
746 443 860 472 mater.
947 437 1005 471 51).
1030 437 1131 471 Immo
1158 438 1253 471 ambo
1276 439 1344 479 jam
1369 441 1523 479 parentes

333 494 431 533 Cujus
455 495 550 524 natus
575 498 651 522 suus
676 490 771 529 pater
1030 487 1068 519 In
1094 486 1205 520 Maria
1230 491 1304 519 sunt
1329 487 1518 528 gaudentes„

376 540 420 573 Et
447 542 573 571 creator
598 538 749 578 omnium,
1077 537 1166 575 Quae
1194 535 1250 569 dat
1276 536 1374 568 ‘talem
1401 534 1514 568 filium.

244 601 300 633 621.
330 599 427 638 Cujus
453 596 583 636 sanguis
944 593 1004 627 6b.
1027 594 1097 634 Ipsi
1121 602 1182 634 per
1204 596 1239 626 te

376 645 519 678 salutare
542 643 693 685 pretium,
1076 644 1242 683 rapiamur
1270 641 1409 683 obviam,

328 695 426 734 Cujus
452 702 526 725 caro
1027 690 1128 733 Virgo
1153 695 1259 723 tecum

375 741 605 774 nutrimentum
630 740 787 773 mentium
1075 740 1236 773 intrantes
1261 740 1295 772 in
1319 740 1460 780 patriani

423 790 468 823 Et
493 798 580 822 mors
604 798 687 822 vena
710 789 833 821 veniae.
1124 788 1311 822 Aeternalis
1337 788 1470 829 gloriae.

320 868 404 896 Miss.
425 875 475 895 ms
505 866 717 894 Liueloniense
737 874 813 894 saec.
837 864 881 893 15.
903 865 973 893 Cod.
994 865 1176 894 Londinens.
1198 864 1274 893 Adss.
1298 862 1407 893 11414.
1429 880 1466 885 --
1487 864 1540 896 21),
1562 862 1581 891 3

244 908 374 943 portanti
398 905 453 934 Hs.
475 906 499 933 1:
520 905 653 942 portati?
674 920 712 925 —
733 903 784 933 212.
806 903 826 932 4
844 905 940 932 monit
960 904 1013 932 Hs.

687 1047 751 1080 145.
791 1047 835 1079 De
858 1046 955 1079 beata
975 1045 1077 1078 Maria
1098 1046 1133 1076 V.

243 1132 303 1165 la.
332 1131 456 1164 Chorus
478 1135 589 1162 noster
613 1129 752 1170 plaudat
777 1128 847 1161 odis
943 1129 1002 1162 lb.
1028 1127 1127 1169 Virgo
1155 1132 1261 1160 mater
1287 1132 1335 1160 est
1362 1127 1485 1169 effecta,

325 1178 555 1220 Depromendo
581 1178 645 1219 piis
669 1178 774 1210 modis
1029 1175 1188 1218 specialis
1215 1177 1399 1217 praeelecta

374 1227 502 1260 Mariae
531 1227 713 1267 praeconia,
1074 1225 1192 1258 Virens
1217 1227 1312 1260 Jesse
1337 1225 1473 1266 virgula.

243 1289 299 1320 22.
327 1285 464 1319 Transit
486 1285 603 1318 umbra
622 1293 739 1317 saevae
755 1284 880 1326 mortis,
942 1283 1003 1318 2b.
1024 1283 1116 1316 Mors
1143 1292 1204 1324 per
1228 1283 1333 1316 Evam
1358 1283 1544 1327 pullulavit,

328 1333 424 1367 Subit
446 1334 555 1365 lumen
581 1338 713 1365 sanctae
738 1334 846 1372 sortis,
1023 1331 1089 1364 Sed
1114 1331 1224 1365 Maria
1248 1335 1385 1365 mortem
1406 1332 1523 1365 stravit

375 1383 474 1423 Virgo
498 1382 596 1423 plena
622 1381 737 1423 gratia,
1072 1380 1199 1414 Mundo
1225 1379 1333 1413 ferens
1358 1380 1487 1422 gaudia.

242 1443 302 1475 3a.
330 1440 442 1481 Spirat
463 1440 563 1473 rubus
588 1449 653 1473 non
679 1441 840 1474 ardorem,
942 1440 1001 1474 3b.
1024 1438 1106 1471 Caro
1129 1440 1249 1472 mundo
1275 1437 1417 1472 fructum
1442 1439 1543 1479 dedit,

323 1490 425 1523 Immo
448 1489 571 1529 justum
598 1489 679 1522 coeli
704 1497 810 1521 rorem
1025 1486 1115 1520 Coeli
1140 1496 1248 1520 rorem
1273 1496 1356 1529 quae
1381 1488 1535 1531 suscepit,

372 1536 485 1571 Carnis
510 1537 580 1570 sine
608 1538 705 1578 caria,
1076 1535 1159 1569 Caro
1185 1536 1244 1569 luti
1269 1536 1389 1570 nescia.

239 1597 301 1630 4a.
328 1595 403 1628 Non
429 1596 470 1629 (le
493 1596 570 1628 limo
595 1594 634 1629 fit
658 1596 709 1628 vel
736 1597 843 1635 costis,
942 1595 1000 1629 41).
1024 1593 1174 1628 Frondet
1198 1595 1291 1635 virga
1315 1594 1507 1635 sacerdotis,

326 1644 400 1677 Hoc
424 1652 485 1677 nec
510 1645 602 1678 novit
623 1644 748 1685 primus
766 1644 878 1687 hostis,
1025 1642 1134 1684 Digna
1156 1641 1238 1676 flore
1262 1652 1376 1676 sacrae
1403 1643 1488 1676 dotis

375 1693 465 1726 Mira
488 1695 566 1726 sunt
587 1693 781 1734 praeconia:
1075 1691 1212 1725 Pariens
1238 1691 1422 1733 amygdala.

240 1754 299 1785 521.
327 1751 402 1784 Huc
430 1751 556 1784 accedit
580 1751 761 1784 Salomonis
943 1750 1002 1784 5b.
1023 1750 1142 1783 Madet
1164 1751 1270 1783 vellus
1297 1749 1473 1793 Gredeonis,

324 1800 454 1843 Lectus,
481 1799 608 1841 fulgens
634 1800 709 1833 aula
732 1800 830 1834 tholis
1025 1799 1162 1832 Tantum
1188 1800 1279 1832 stilla
1304 1800 1409 1833 sancti
1433 1799 1529 1844 roris,

372 1848 419 1882 Et
443 1848 520 1882 fidei
547 1848 673 1883 cellula.
1073 1848 1175 1890 Virgo
1200 1847 1237 1882 fit
1261 1857 1437 1890 puerpera.

239 1909 297 1941 621.
327 1907 441 1940 Gaude
465 1907 604 1940 mundus
941 1907 998 1941 ob.
1019 1907 1111 1941 Haec
1137 1910 1187 1939 est
1214 1908 1303 1940 clara

371 1956 404 1988 in
432 1959 530 1996 partu
554 1955 701 1996 virginis,
1070 1956 1174 1989 Jacob
1200 1956 1307 1996 stella,

324 2005 392 2044 Quo
416 2008 587 2045 peccatum
1024 2003 1113 2043 Quae
1136 2003 1297 2044 confregit.

377 2052 503 2086 deletur
524 2053 675 2094 hominis,
1070 2051 1171 2084 Moab
1198 2062 1299 2093 regna

422 2101 550 2135 Gaudet
576 2102 657 2134 coeli
683 2102 782 2133 curia.
1120 2100 1210 2134 Mira
1234 2110 1305 2134 cum
1331 2103 1489 2142 potentia.

242 2161 299 2193 va.
327 2160 427 2192 Porta
452 2160 572 2204 clausa,
599 2158 673 2191 fons
698 2158 877 2198 hortorum,
939 2158 997 2193 7b.
1021 2158 1154 2192 Nardus
1181 2160 1320 2204 spirans,
1350 2159 1411 2194 fios
1432 2161 1581 2204 odorum,

323 2208 361 2241 In
388 2218 451 2250 qua
476 2209 560 2241 sedit
585 2216 645 2240 rex
671 2207 832 2239 coelorum
1022 2207 1112 2241 Odor
1136 2206 1239 2251 floris,
1265 2219 1323 2243 vas
1350 2210 1513 2247 decorum,

374 2256 469 2289 Nulli
494 2257 565 2290 viro
586 2256 711 2297 pervia.
1072 2256 1164 2290 cena
1187 2258 1416 2299 pigmentaria.

241 2317 299 2348 Sa.
327 2315 378 2347 De
394 2318 438 2354 te,
464 2316 566 2356 virgo,
589 2318 665 2347 sunt
680 2314 762 2348 haec
779 2312 876 2354 dicta,
938 2314 999 2349 8b.
1020 2313 1071 2347 Tu
1096 2323 1131 2347 es
1156 2323 1236 2348 vere
1259 2316 1348 2351 vitae
1373 2316 1436 2358 via,

324 2363 433 2396 Mater
460 2363 579 2397 Christi
607 2362 781 2396 benedicta
1021 2362 1072 2396 Tu
1098 2371 1132 2396 es
1158 2364 1238 2399 Jesu,
1262 2366 1368 2396 mater
1390 2364 1456 2407 pia,

374 2410 439 2444 Sed
465 2416 496 2444 et
522 2412 625 2445 multa
648 2411 730 2451 alia;
1071 2411 1204 2445 Perduc
1227 2420 1286 2444 nos
1311 2412 1354 2445 ad
1379 2414 1512 2454 gaudia.
