1652 2678
762 96 1030 132 *170—

240 195 296 227 7a.
324 195 349 227 O
375 194 509 228 lucerna
533 196 702 239 luminosa,
938 194 997 228 71).
1021 193 1073 226 Sis
1100 192 1246 232 adjutrix
1272 192 1414 233 copiosa,

322 242 506 284 Margarita
530 244 684 285 pretiosa,
1018 240 1134 273 Nostri
1161 242 1268 272 custos
1295 248 1444 281 operosa,

372 291 397 324 O
423 292 516 324 navis
540 291 714 330 institoria,
1069 288 1151 321 Tres
1176 288 1277 329 signis
1303 291 1353 320 est
1377 288 1514 325 notoria,

370 339 485 372 Phiala
505 339 666 372 libatoria.
1068 336 1169 375 Quam
1194 335 1275 369 felix
1299 337 1343 369 sis
1369 335 1403 368 in
1429 335 1544 376 gloria.

238 397 294 432 8a.
322 396 452 430 Nostris
477 398 561 429 votis
586 395 782 432 obsecunda,
938 394 997 428 8b.
1019 393 1088 427 Ubi
1113 401 1175 425 nec
1198 394 1246 426 vis
1274 397 1324 426 est
1346 403 1409 426 nec
1432 402 1541 434 poena

324 444 393 477 Nos
420 443 557 477 emenda
581 444 649 476 vita
673 443 805 484 munda,
1022 441 1089 474 Sed
1113 450 1190 482 pax,
1226 442 1325 483 salus,
1353 442 1443 482 quies
1468 441 1578 482 plena,

320 492 406 526 Fide
431 491 534 524 funda
1020 488 1122 521 Vitae
1146 498 1240 529 vena,

320 540 365 573 Et
389 538 539 582 fecunda,
1022 538 1096 571 Lux
1121 547 1266 578 amoena,

368 587 442 620 Duc
467 587 510 619 ad
535 587 617 619 lucis
643 586 733 619 atria.
1072 586 1138 619 Ubi
1162 586 1252 619 Deus
1279 584 1395 618 omnia.

685 645 717 677 9.
745 646 850 676 Arnen
877 644 988 676 dicant
1015 645 1135 677 omnia.

315 705 402 734 Grad.
433 715 486 734 ms.
508 706 738 734 Marchianense
775 715 841 734 raec.
879 704 922 734 14.
947 705 1017 733 Cod.
1038 706 1189 734 Duaeens.
1214 703 1278 733 114.
1300 705 1336 732 A.
1359 719 1398 724 —
1417 704 1504 732 Mis&
1524 713 1577 733 ms.

233 745 463 773 Marchianense
490 752 568 773 saeta
599 742 644 772 12.
663 745 734 775 Cod.
755 745 906 773 Duacens.
931 742 979 773 83.
1008 745 1075 773 add.
1101 752 1179 773 saec.
1203 742 1248 772 12.
1268 744 1303 772 Β.
1326 759 1361 763 -
1382 743 1502 772 Prosar.
1524 752 1579 771 ms.

234 783 463 812 Marehianense
487 791 560 812 =aec.
584 782 629 811 15.
652 783 723 812 Ood.
746 783 897 812 Duacens.
920 781 985 811 123.
1001 783 1034 811 C.
1052 798 1092 803 —
1105 783 1192 812 Me1.:
1213 783 1305 811 Mane
1324 783 1424 819 prima
1443 781 1579 811 Sabbati-

671 867 738 899 223.
780 868 824 899 De
844 868 954 899 sancto
976 867 1143 908 Eutropio.

644 927 675 961 1.
702 925 868 957 Plectrum
890 924 1021 965 linguae
1044 924 1234 956 moderetur

701 972 747 1005 Et
772 972 905 1006 affectus
932 972 1093 1005 excitetur

753 1020 875 1054 Vocum
902 1021 1124 1061 consonantia,

236 1080 290 1112 aa.
318 1079 428 1120 Lyrae
453 1079 577 1112 chorda
604 1081 803 1120 temperetur
935 1079 995 1114 2b.
1018 1079 1093 1112 Non
1121 1078 1290 1111 discordet
1314 1079 1387 1111 voci
1413 1079 1491 1122 vita,

319 1127 364 1160 Et
387 1127 420 1159 in
447 1136 540 1160 servo
568 1128 770 1160 collaudetur
1019 1127 1055 1160 Si
1082 1136 1144 1160 vox
1171 1126 1263 1159 cordi
1288 1127 1332 1160 sit
1354 1128 1456 1168 unita,

366 1175 450 1219 Rex,
478 1176 532 1216 qui
558 1176 642 1216 regit
667 1176 783 1210 omnia.
1066 1176 1182 1209 Dulcis
1210 1177 1260 1207 est
1284 1175 1492 1217 symphonia.

235 1235 291 1268 3a.
318 1234 536 1267 Decantemus
561 1235 594 1266 in
619 1234 682 1267 hac
709 1235 762 1267 die
935 1234 995 1268 3b.
1018 1234 1158 1267 Discant
1186 1243 1297 1266 omnes
1317 1236 1350 1266 et
1368 1234 1495 1266 discant
1513 1234 1577 1267 sin-

1346 1283 1424 1324 guli,

318 1331 471 1372 Eutropii
495 1332 542 1371 pii
566 1331 622 1372 pie
1019 1331 1242 1364 Xantonensis
1269 1331 1323 1364 hic
1348 1332 1437 1364 salus
1455 1331 1579 1375 populi,

367 1380 427 1412 Pia
451 1380 613 1420 natalitia,
1069 1380 1152 1419 Lux,
1183 1380 1280 1412 decus
1308 1382 1341 1412 et
1365 1380 1483 1413 hostia.

236 1440 294 1472 4a.
322 1438 347 1471 O
363 1446 458 1477 quam
471 1436 561 1482 felix,
578 1446 673 1478 quam
685 1438 875 1478 praeclarus
935 1437 998 1471 41).
1023 1437 1146 1471 Summi
1176 1438 1263 1480 regis
1290 1447 1392 1479 opera

317 1486 394 1520 Fuit
420 1488 546 1526 martyr
569 1486 640 1518 Deo
668 1495 761 1518 carus
1018 1486 1144 1519 Videns
1173 1487 1300 1527 sprevit
1322 1496 1485 1528 prospera

370 1533 421 1567 Ex
447 1543 559 1575 regum
585 1535 776 1576 propagine,
1070 1534 1150 1568 Cum
1175 1536 1289 1568 mundi
1316 1535 1465 1577 caligine.

236 1594 292 1627 5a.
319 1593 403 1626 Erat
427 1601 583 1634 praesens
607 1592 641 1626 in
670 1593 809 1636 deserto,
935 1593 996 1626 5b.
1018 1593 1119 1627 Panis
1150 1594 1243 1626 vivus
1269 1593 1413 1635 satiavit,

321 1641 425 1674 Cursu
452 1650 585 1674 currens
610 1643 689 1674 tunc
709 1641 846 1684 incerto,
1018 1643 1077 1675 Bis
1103 1650 1161 1676 sex
1187 1645 1317 1682 sportas
1345 1643 1524 1676 cumulavit

369 1689 505 1730 Quando
531 1690 673 1731 quinque
695 1690 789 1723 milia
1071 1690 1219 1732 Quinque
1241 1700 1363 1731 panum
1388 1692 1492 1733 copia.

236 1749 294 1783 63..
320 1748 366 1781 Et
389 1749 424 1781 in
448 1748 531 1781 urbe
558 1748 720 1783 Jebusaea
937 1749 997 1784 6b.
1019 1749 1146 1783 Lazaro
1170 1749 1239 1790 jam
1264 1750 1420 1783 suscitato

317 1797 411 1837 Erat,
435 1798 563 1838 quando
588 1797 682 1838 plebs
707 1797 861 1830 Hebraea
1020 1799 1141 1832 Parum
1167 1801 1243 1831 ante
1269 1798 1470 1832 circumdato

368 1845 500 1879 Christo
525 1846 616 1879 venit
638 1846 745 1887 obvia,
1068 1847 1100 1879 A
1125 1847 1263 1881 Judaeis
1287 1847 1424 1883 Messia.

237 1905 294 1939 7a.
319 1905 412 1937 Haec
438 1907 471 1936 et
493 1905 591 1944 plura
614 1905 701 1937 vidit
725 1905 820 1947 signa
938 1905 997 1938 7b.
1021 1905 1137 1938 Mente
1162 1905 1293 1938 Christo
1316 1905 1474 1947 jungiture

321 1952 500 1986 salvatoris
526 1952 592 1985 fide
620 1952 719 1994 digna
1024 1953 1123 1993 Cujus
1149 1952 1263 1984 mortis
1289 1953 1408 1986 nititur

368 2001 465 2033 Felix
489 2001 545 2033 hic
567 2001 758 2042 Eutropius,
1068 2000 1166 2032 Felix
1191 1998 1264 2032 fore
1289 2001 1406 2035 socius.

238 2060 295 2094 Sa,
323 2060 403 2093 Cum
416 2059 562 2092 audisset
572 2058 735 2092 Christum
745 2067 878 2099 passum
937 2058 998 2092 8b.
1020 2058 1103 2090 Mox
1125 2057 1250 2089 relictis
1276 2059 1436 2102 omnibus,

319 2107 460 2140 Mortem
487 2108 603 2148 crucis,
629 2116 695 2139 non
714 2107 874 2139 incassum
1021 2106 1123 2144 Auro,
1149 2107 1295 2148 gemmis,
1324 2108 1441 2148 opibus

368 2156 442 2189 Jam
467 2164 564 2195 passo
591 2155 805 2197 compatrem-3
1069 2152 1124 2184 Ad
1149 2153 1209 2185 has
1235 2159 1348 2194 partes
1369 2158 1521 2195 mittitur.

237 2215 293 2249 9a.
318 2213 398 2246 Vita
422 2213 523 2253 signis
937 2210 997 2244 9b.
1020 2209 1120 2243 Multi
1146 2211 1294 2256 credunt,

319 2262 380 2294 Vir
403 2261 540 2301 insignis
1019 2257 1133 2290 Morbi
1159 2260 1290 2304 cedunt,

372 2309 488 2348 Corde,
516 2317 572 2341 ore
1069 2305 1208 2338 Moestis
1234 2309 1344 2350 risum,

368 2357 456 2390 Miro
482 2365 572 2389 more
1072 2353 1184 2386 Caecis
1209 2355 1315 2388 visu-m

418 2403 562 2438 Verbum
587 2404 651 2437 Dei
675 2404 856 2444 praedicat,
1121 2402 1256 2443 Reddit,
1283 2414 1399 2445 aegros
1426 2409 1547 2447 visitat.
