1652 2678
697 62 961 98 —253—

606 155 676 189 335.
716 156 761 190 De
780 158 888 190 sancto
908 157 1054 190 Martino.

164 224 221 257 la.
248 223 347 258 Miles
373 226 475 259 mirae
500 227 684 269 probitatis,
864 229 924 264 ib.
946 230 1056 262 Armis
1083 229 1181 262 cessit,
1205 229 1369 269 vanitatis,

247 272 421 316 Martinus,
446 275 504 307 lux
529 276 721 317 sanctitatis,
945 277 1073 311 Tenens
1098 277 1198 311 fidem
1223 277 1389 317 trinitatis,

296 322 510 356 Sacerdotum
535 324 649 368 gloria,
993 327 1130 359 Sanctus
1156 325 1196 358 ab
1222 324 1370 359 infantia.

161 380 223 413 2a.
252 380 436 423 Regulam-is,
465 382 628 423 militariS,
864 383 923 417 2b.
947 384 1022 417 Tibi
1049 385 1133 418 caris
1160 383 1235 416 dum
1260 383 1416 423 precaris,

245 428 462 470 Praesularis,
489 430 664 472 singularis
946 431 1077 474 Expers
1102 432 1192 474 paris
1219 431 1450 472 comprobaris,

295 477 394 509 Vitae
416 476 544 519 fulgens
568 480 683 521 gratia,
998 479 1154 515 Conferre
1178 480 1331 513 remedia.

160 534 219 568 Sa.
247 533 431 568 Innotescis
456 536 517 568 toti
541 538 672 580 mundo,
865 539 928 571 3b.
951 538 1048 571 Nunc
1074 540 1190 572 devote
1216 538 1413 579 supplicanti

244 581 304 622 Qui
329 583 399 623 jam
425 593 541 625 regnas
567 586 665 618 corde
681 586 803 618 mundo
950 585 1056 620 Choro
1080 596 1141 628 pro
1167 589 1201 619 te
1221 587 1416 627 jucundanti

294 631 334 664 In
358 631 422 664 Dei
446 632 642 673 praesentia,
994 635 1133 675 Largire
1158 635 1314 668 subsidia.

157 689 217 721 4a.
243 687 290 721 Ut
321 688 375 729 qui
399 689 461 721 tibi
486 693 560 722 sunt
586 690 735 731 subjecti,
861 691 923 726 4b.
948 691 1012 725 Sed
1037 695 1070 724 et
1095 702 1222 726 sursum
1247 693 1314 725 sint
1337 692 1484 725 subvecti

241 736 307 769 Per
334 740 369 768 te
394 740 464 769 tute
489 738 555 770 sint
579 739 720 779 protecti
944 740 991 774 Et
1017 750 1088 773 cum
1114 742 1234 773 sanctis
1260 741 1327 774 sint
1346 739 1463 774 refecti

295 784 348 817 Ab
375 785 478 818 hostis
504 786 634 828 astutia,
994 788 1143 829 Superna
1164 789 1299 822 laetitia.

233 857 319 889 Miss.
346 869 401 888 ms.
430 861 460 890 S.
487 862 615 891 Martini
638 864 803 893 Turonens.
832 873 909 893 saec.
938 861 983 893 15.
1012 864 1082 894 Ood.
1109 866 1275 893 Turonens-
1303 863 1368 893 194.
1393 864 1430 892 A.
1459 879 1497 883 —

152 899 237 928 Miss.
255 907 309 927 ms.
338 898 369 927 S.
390 901 517 929 Martini
536 902 701 930 Turonens.
723 911 800 931 saec.
823 900 868 932 15.
892 902 963 931 Cod.
983 904 1149 932 Turonens.
1173 901 1237 932 195.
1258 906 1291 931 B.

601 1014 670 1047 336.
713 1015 757 1048 De
777 1017 887 1048 saneto
907 1016 1054 1048 Martino.

155 1095 212 1128 la.
240 1094 431 1128 Hodiernae
453 1095 511 1127 lux
537 1096 602 1128 diei
857 1097 916 1131 11).
937 1097 1003 1130 Hic
1027 1097 1201 1138 Martinus,
1227 1097 1280 1129 vir
1303 1096 1451 1137 insignis,

240 1141 387 1175 Celebris
412 1143 447 1175 in
471 1144 558 1177 servi
586 1143 649 1176 Dei
939 1145 1124 1178 Praeclaris
1150 1144 1281 1186 effulget
1305 1145 1416 1187 signis,

286 1191 406 1232 Agitur
430 1193 596 1233 memoria,
985 1195 1125 1233 Magnus
1149 1193 1184 1225 in
1210 1193 1356 1227 ecelesia.

153 1250 210 1282 2a.
238 1248 382 1290 Magnus
406 1249 552 1282 nondum
577 1250 761 1291 baptizatus
854 1250 914 1284 212.
937 1249 1023 1282 Nam
1040 1251 1075 1283 in
1093 1250 1224 1291 mundo,
1246 1259 1339 1291 quem
1350 1251 1493 1292 vestivit,

234 1297 299 1330 Est
325 1307 345 1330 a
372 1296 501 1331 Christo
529 1298 768 1332 demonstratus
935 1298 1146 1331 Referentem
1171 1298 1257 1331 hune
1282 1299 1409 1331 audivit

284 1346 421 1387 Angelis
446 1346 481 1378 in
505 1346 624 1388 patria,
986 1347 1039 1379 De
1063 1350 1156 1380 veste
1180 1348 1366 1388 praeconia.

150 1405 206 1438 3a.
234 1403 300 1436 Hie
325 1405 477 1437 vestitum
503 1413 539 1437 se
565 1405 778 1447 commendat,
853 1405 914 1439 3b.
939 1404 1071 1438 Laudat
1096 1414 1177 1445 opus
1203 1404 1375 1445 largitatis,

234 1451 282 1485 Ut
308 1453 537 1485 commendans
558 1461 616 1485 nos
635 1455 794 1487 accendat
938 1452 1031 1493 Quod
1056 1453 1196 1494 largitur
1221 1453 1319 1493 digna
1344 1454 1444 1494 gratis

285 1501 434 1535 Christus
461 1501 502 1534 ad
528 1501 659 1544 similia,
981 1501 1164 1542 Largitatis
1188 1503 1348 1542 praemia.

148 1560 208 1593 4a.
236 1559 354 1592 Floret
377 1560 480 1592 virtus
502 1560 537 1592 in
560 1560 716 1601 Martino,
851 1559 912 1593 4b.
934 1559 1054 1593 Fidem
1080 1560 1143 1592 sibi
1168 1563 1294 1592 scutum
1320 1560 1423 1601 ponit,

239 1607 339 1648 Signo
364 1611 473 1640 vastat
499 1608 596 1640 chaos
621 1609 706 1641 trino
936 1608 1023 1642 Dum
1048 1608 1083 1641 in
1109 1609 1220 1641 hostes
1246 1616 1282 1640 se
1305 1609 1446 1649 imponit

284 1655 386 1687 Fides
411 1664 576 1696 nunquam
601 1657 708 1699 dubia,
983 1656 1122 1689 Martini
1146 1656 1274 1690 militia.

151 1716 211 1748 5a.
237 1713 337 1746 Miles
361 1713 513 1753 primum,
541 1715 675 1747 eremita
853 1714 911 1749 5b.
934 1714 1070 1747 Praesul
1098 1714 1195 1755 digne
1219 1713 1326 1746 factus
1356 1714 1491 1746 tandem

233 1761 314 1795 Post
337 1762 462 1794 meritis
495 1765 545 1794 est
570 1765 602 1794 et
626 1763 695 1795 vita
936 1762 1048 1795 Vieem
1074 1765 1220 1802 sumptos
1245 1762 1288 1794 ad
1316 1762 1452 1795 eandem

284 1810 521 1843 Monachorum
546 1810 668 1855 gloria3
985 1811 1052 1843 Sua
1074 1813 1183 1843 servet
1205 1810 1320 1852 gratia.

526 1870 557 1902 6.
584 1868 661 1910 Ipse
681 1871 829 1909 pastores
853 1871 886 1901 et
909 1877 1039 1910 gregem

586 1917 689 1950 Prece
714 1917 834 1950 reddat
858 1917 947 1958 apud
971 1926 1080 1958 regem

658 1965 796 1999 Securos
823 1965 865 1998 de
889 1966 995 2000 venia.

225 2043 311 2072 Miss.
339 2051 394 2072 ms.
422 2042 452 2071 S.
479 2043 605 2072 Martini
625 2044 791 2072 Turonens.
817 2052 895 2072 saec..
923 2041 968 2072 15.
991 2043 1063 2071 Cod.
1083 2044 1249 2072 Tm-onens.
1279 2040 1344 2072 195.
1370 2058 1408 2063 -
1435 2044 1495 2072 Die

143 2082 217 2111 Mel.
244 2082 421 2111 bezeichnet
442 2082 520 2111 wohl
544 2081 594 2116 la,
619 2081 643 2111 1.

595 2196 661 2230 337.
702 2195 747 2230 De
767 2198 877 2230 saneto
898 2195 1046 2229 Martino.

145 2283 203 2318 ia.
232 2282 458 2317 Jucuudemur
850 2281 911 2316 1b.
934 2281 1116 2316 Coronatur

227 2331 349 2374 Hodie,
375 2331 485 2365 fidelis
512 2334 632 2374 coetus,
934 2331 974 2364 In
1002 2330 1100 2362 coelis
1125 2327 1289 2362 Martinus
1314 2328 1419 2361 laetus

279 2381 437 2426 Alleluia,
984 2379 1063 2413 Cum
1091 2378 1205 2420 gloria.
