1652 2678
723 93 963 129 -18-

554 192 586 226 8.
612 192 704 225 Bona
728 194 842 232 mater,
869 192 936 232 pia,
960 189 1057 229 mitis,

610 239 723 273 Novus
747 240 861 272 hortus
885 247 990 271 novae
1018 236 1106 272 vitis,

610 287 679 320 Nos
705 287 745 321 ab
772 290 865 320 antro
890 286 985 319 trahe
1008 284 1107 326 Ditis,

610 336 744 369 Portum
770 335 862 368 nobis
890 335 932 367 da
957 333 1071 366 salutis

658 384 698 417 In
724 382 857 415 coelesti
883 381 982 415 curia.

251 451 370 480 Prosar.
397 459 451 478 ms.
477 448 706 478 Marchianense
730 455 808 476 saec.
836 446 880 475 15.
908 446 979 475 Cod.
1008 447 1158 475 Duaceus.
1187 443 1253 475 123.
1281 463 1319 467 —
1345 446 1397 479 51³,
1419 444 1438 474 2
1465 448 1516 475 Sic

173 500 198 527 p.
210 492 328 519 *ssescat
346 489 409 526 (sic)
442 488 495 516 Hs.

639 542 682 574 14.
722 542 759 574 In
779 540 958 573 Nativitate
981 541 1036 573 DN.

176 618 232 651 la.
258 615 376 649 Aulam
399 614 503 647 intrat
526 613 661 654 virginis

306 662 447 696 &erbum
471 661 576 702 patris
602 661 745 699 coelitus,

257 712 303 745 Ut
328 711 465 744 salutem
490 710 629 742 hominis

305 759 479 792 Restauret
504 758 668 791 divinitus.

174 820 231 853 za.
258 819 346 851 Rore
370 816 476 849 sancti
503 815 637 856 spiritus

304 865 434 898 Maduit
457 864 636 906 virginitas,

258 915 359 955 Quam
384 913 525 954 replevit
550 912 685 945 coelitus

307 962 444 1002 Sumpta
469 969 567 994 carne
593 961 707 993 deitas.

174 1024 231 1056 321.
258 1019 370 1053 Rubus
395 1019 480 1061 igne,
507 1018 599 1060 virga
622 1017 713 1058 flore,

306 1067 419 1101 Velius
445 1075 519 1100 rore

173 1130 230 1162 4a.
260 1124 487 1166 consignando
513 1124 686 1164 mysticant

305 1173 516 1213 Sanctitatem
543 1172 677 1213 virginis

257 1222 303 1255 Et
327 1221 499 1254 fecundam
521 1221 667 1254 indicant

304 1269 357 1303 Ex
384 1278 493 1302 amore
516 1267 667 1302 flaminis.

175 1332 232 1363 5a.
260 1329 381 1360 Austro
406 1327 473 1359 leni
497 1327 614 1359 tumuit

306 1376 406 1416 Virgo
433 1374 510 1408 Sion
537 1373 616 1415 filia,

258 1426 346 1463 Quae
370 1423 525 1456 Messiam
549 1424 659 1465 genuit

305 1471 471 1513 operante
496 1472 610 1513 gratia.

174 1533 230 1566 6a.
258 1531 329 1562 Ave
353 1530 445 1562 nucis
470 1529 658 1571 sementiva,

256 1578 374 1611 Botrus
402 1577 502 1618 Cypri
528 1581 562 1610 et
585 1577 682 1618 oliva,

305 1626 384 1659 Flos
410 1626 516 1667 campi
541 1626 753 1659 convallium:

176 1687 236 1719 7a.
261 1685 350 1717 Aula.
374 1684 466 1717 verbi
490 1684 677 1726 singularis,

258 1733 354 1767 Scala
379 1732 471 1773 eoe1i‚
498 1733 596 1766 stella
618 1733 731 1775 maris,

304 1781 475 1822 Templum
501 1781 607 1814 sancti
631 1781 785 1823 spiritus3

174 1841 230 1874 821.
258 1839 391 1872 Summa
413 1839 526 1872 mundi
550 1847 635 1884 spes,
662 1839 781 1882 Maria,

257 1888 339 1921 Esto
363 1888 457 1921 nobis
485 1888 551 1921 dux
576 1890 610 1920 et
634 1889 687 1921 via

305 1936 360 1969 Ad
386 1936 468 1969 coeli
491 1936 660 1978 palatium,

873 612 933 646 1b.

873 1018 932 1052 311.

872 1124 932 1159 4b.

872 1327 933 1362 5b.

873 1529 932 1564 6b.

873 1684 933 1719 71),

872 1839 932 1875 8b.

957 611 1045 645 Nutu
1070 611 1174 652 patris
1199 611 1340 645 mittitur

1003 660 1056 695 Ab
1083 668 1159 694 arce
1184 660 1324 703 siderea,

959 708 1121 742 claudens
1147 712 1265 742 cuncta
1288 708 1454 742 clauditur

1006 757 1112 791 Carne
1138 758 1198 790 sub
1225 757 1382 798 virginea.

925 839 933 847 .
956 815 1012 849 Sic
1036 815 1172 856 pudoris
1197 815 1303 848 lilium

1006 863 1170 897 Gabrielis
1193 864 1306 896 nuntio

956 912 1014 944 Fit
1039 911 1163 945 Christi
1186 911 1376 952 sacrarium,

1005 960 1187 1002 Templum,
1214 959 1431 995 obumbratio,

955 1019 1043 1051 Ante
1069 1021 1199 1059 partum
1223 1022 1257 1051 et
1280 1019 1315 1051 in
1339 1021 1438 1059 partu

1006 1066 1052 1100 Et
1075 1069 1153 1108 post
1176 1070 1307 1108 partum

954 1124 1082 1157 Horum
1106 1128 1186 1165 typo
1212 1125 1340 1167 claruit,

1006 1173 1101 1213 Quod
1126 1174 1228 1206 solem
1250 1174 1400 1215 justitiae

958 1221 1062 1254 Stella
1086 1221 1189 1255 Jacob
1214 1223 1353 1263 protulit

1003 1269 1056 1303 Ex
1082 1271 1177 1304 Jesse
1200 1272 1367 1312 progenie.

957 1327 1014 1360 Nil
1038 1327 1175 1368 pudoris
1201 1330 1341 1363 marcuit

1002 1376 1123 1409 Matris
1149 1377 1209 1410 sub
1236 1376 1355 1420 officio,

955 1423 1030 1457 Lux
1056 1425 1098 1458 de
1122 1425 1197 1458 luce
1224 1426 1349 1468 micuit,

1005 1472 1061 1506 Sol
1088 1474 1130 1507 de
1155 1474 1272 1508 stellae
1296 1475 1402 1510 radio.

956 1530 1058 1564 Porta
1083 1532 1203 1573 clausa⁷
1229 1531 1304 1566 fons
1328 1534 1486 1576 signatus,

957 1579 1058 1621 Virga
1081 1578 1213 1622 florens,
1240 1582 1345 1615 austri
1366 1580 1474 1627 flatus,

1003 1628 1102 1670 Rosa,
1130 1637 1254 1672 crocus,
1279 1627 1396 1665 lilium.

957 1684 1098 1719 Ger-men
1124 1686 1213 1728 Sion,
1242 1688 1339 1722 radix
1365 1689 1486 1732 David,

957 1733 1092 1768 Clausus
1115 1735 1242 1779 hortus,
1269 1746 1365 1779 quem
1381 1739 1518 1774 intravit

1005 1783 1169 1824 Splendor
1194 1786 1300 1826 patris
1328 1787 1475 1823 coelitus.

955 1840 1076 1875 Natum
1099 1845 1189 1876 tuum
1215 1845 1351 1885 perduc,
1379 1846 1487 1888 stella,

955 1889 1004 1923 Ut
1030 1891 1085 1923 det
1109 1892 1215 1933 nobis,
1240 1894 1428 1938 interpella,

1006 1938 1163 1979 spiritale
1188 1941 1352 1981 gaudium.

251 2002 369 2030 Prosar.
391 2011 445 2030 ms.
465 2003 695 2032 Mawhiauense
716 2011 794 2032 saec.
817 2001 862 2032 15.
884 2003 956 2033 Cod.
978 2004 1128 2034 Duacens.
1153 2004 1216 2035 123.

646 2097 688 2129 15.
729 2097 764 2128 In
785 2097 964 2130 Nativitate
983 2098 1042 2130 DN.

874 2166 936 2201 lb.
957 2171 1077 2205 Pectus
1102 2172 1284 2216 virgineum

178 2166 234 2199 la.
261 2165 338 2199 Alto
365 2166 499 2200 consilio

258 2214 381 2247 Divina
403 2215 488 2248 ratio

260 2262 460 2295 Restaurans
486 2264 650 2297 hominem

260 2310 411 2343 Immittit
436 2312 570 2345 coelitus

262 2358 335 2390 Vim
359 2359 466 2392 sancti
494 2361 640 2404 spiritus,

261 2407 329 2447 Qua
354 2407 461 2447 replet
487 2409 656 2450 virginem.

961 2220 1060 2254 Coelo
1086 2224 1237 2263 capacius

960 2268 1079 2302 Totum
1104 2274 1137 2303 et
1161 2272 1324 2314 integrum

961 2316 1093 2351 Claudit
1117 2319 1255 2353 interius

959 2365 1067 2409 Illum,
1099 2369 1154 2409 qui
1177 2368 1270 2402 Deus
1296 2373 1345 2402 est

959 2413 1003 2447 Et
1029 2415 1094 2448 Dei
1117 2415 1216 2452 filius,
