1652 2678
702 82 966 119 —255—

184 177 248 209 Oa.
277 176 337 210 Vir
360 177 510 218 leprosus
537 180 731 212 emundatur
889 181 950 216 9b.
973 182 1168 215 Paraliticus
1195 182 1326 213 curatur

322 225 461 258 Martini
486 236 546 268 per
572 228 726 269 osculum,
1022 231 1087 263 Per
1112 229 1217 262 crucis
1243 229 1453 269 signaculum.

161 282 249 317 loa.
276 283 424 317 Daemon
435 285 564 319 Christo
576 284 804 330 conformatus,
865 288 909 321 10
918 288 951 321 b.
975 287 1139 321 Christum
1160 295 1230 318 esse
1255 294 1291 318 se
1315 286 1478 331 mentitur,

273 332 376 373 Auro,
401 334 535 374 gemmis
562 337 745 378 coronatus,
974 335 1040 369 Sed
1064 334 1208 368 Martino
1235 334 1431 374 comperitur

323 380 423 414 Veste
447 382 555 414 nitens
582 383 682 424 regia,
1020 383 1196 417 Daemonis
1225 383 1354 417 astutia.

162 438 209 471 11
221 447 250 472 a.
279 438 304 471 Ο
330 439 436 471 virum
463 448 542 472 vere
565 440 707 482 beatum,
865 442 908 475 11
920 441 953 475 b.
974 442 1046 474 Nec
1070 450 1106 474 se
1132 440 1216 474 dixit
1240 439 1418 481 fatigatum,

323 487 385 528 Qui
408 496 471 520 nec
497 488 600 521 visam
625 489 733 521 timuit
1022 490 1088 524 Sed
1112 490 1146 522 in
1167 488 1237 521 Deo
1262 488 1371 529 posuit

374 535 444 568 Sibi
468 538 616 581 mortem,
1070 538 1168 571 Suam
1194 539 1325 571 sortem.

162 591 209 624 12
220 601 249 623 a.
278 592 442 626 Christum
467 603 543 636 ergo
570 595 790 636 deprecemur,
864 595 950 629 121).
974 595 1054 629 Cum
1078 594 1223 629 Mai-tino
1248 595 1424 636 gloriemur

321 641 369 674 Ut
392 650 453 682 per
477 642 559 674 haec
583 643 741 675 solemnia
1021 645 1060 677 In
1086 643 1218 677 coelesti
1242 643 1360 684 patria.

239 725 328 754 Grad.
339 734 393 754 ms.
408 734 485 754 saec.
503 725 548 754 15.
562 726 632 755 Cod.
643 728 780 756 Remens.
794 726 858 757 170.
869 745 908 748 —
918 729 1002 757 Mela
1020 728 1247 766 Congaudentes
1259 729 1449 757 exsultemus.
1461 744 1501 749 —

155 761 177 791 ’6
188 771 215 799 a,
239 761 252 791 1
268 764 358 792 Prius
379 764 518 793 daemoni
531 765 587 793 I-Is.
607 781 645 785 —-
667 764 719 799 63,
741 764 761 794 4
775 767 904 795 ereditur
918 768 973 796 Hs.
994 784 1033 788 —
1055 766 1090 796 10
1097 776 1123 802 a,
1141 765 1156 794 1
1170 767 1299 795 Demum
1310 768 1429 796 Christo
1444 768 1498 796 Hs.

597 915 665 948 339.
707 917 751 948 De
772 918 881 949 sancto
903 917 1050 950 Martino.

157 995 217 1030 la.
244 996 358 1029 Pulset
382 999 472 1029 astra
495 1006 559 1031 vox
585 997 743 1039 sublimis,
860 998 919 1032 lb.
942 999 1064 1040 Quibus
1090 999 1209 1041 gaudet
1234 1008 1269 1031 se
1294 999 1457 1032 Martinus

246 1043 423 1077 Sublimari
450 1045 548 1086 digna
572 1046 668 1078 nimis
942 1048 982 1080 In
1006 1047 1162 1080 Abrahae
1186 1056 1295 1080 sacros
1321 1048 1409 1080 sinus

293 1093 478 1126 Occurrunt
502 1094 668 1135 solemnia,
987 1095 1107 1137 Excipi
1133 1104 1204 1127 cum
1230 1096 1344 1137 gloria.

155 1151 215 1183 2a.
243 1150 424 1183 Seminavit
447 1151 502 1183 hic
525 1161 590 1184 non
614 1160 726 1193 parca,
859 1153 918 1186 2b.
942 1153 1007 1186 Hic
1032 1161 1131 1187 suave
1156 1153 1232 1185 tulit
1253 1154 1375 1197 jugum,

242 1199 335 1239 Quod
359 1198 468 1231 fidelis
493 1200 683 1240 patriarcha
943 1201 990 1234 Ut
1014 1202 1189 1234 multamm
1214 1201 1262 1233 ibi
1287 1200 1416 1243 frugum

290 1247 388 1279 Nunc
407 1247 503 1279 metit
525 1248 560 1279 in
584 1257 671 1289 area,
991 1250 1181 1282 Possideret
1200 1249 1326 1282 horrea.

154 1306 215 1339 3a.
242 1305 363 1337 Rectus
391 1305 499 1346 corde,
526 1308 635 1338 mente
659 1315 783 1347 pronus
860 1306 917 1341 3b.
942 1306 1075 1348 Spernit
1098 1306 1192 1339 miles
1217 1306 1339 1339 Christi
1362 1317 1476 1340 munus

239 1353 330 1386 Leve
355 1353 479 1386 Christi
505 1354 581 1387 tulit
605 1363 685 1387 onus
940 1355 1012 1388 Nec
1036 1355 1159 1388 tribuni
1184 1355 1254 1387 vult
1275 1355 1425 1388 tribunus

288 1401 342 1434 Ab
369 1402 610 1444 adolescentia3
992 1404 1102 1437 Patris
1127 1402 1314 1438 tribunalia.

153 1461 212 1493 4a.
241 1459 371 1501 Pauper
395 1460 503 1493 nudus
530 1463 563 1492 et
586 1460 704 1500 inanis
858 1461 917 1495 4b.
942 1462 1045 1495 Immo
1072 1461 1220 1495 Christus
1245 1461 1342 1502 huJus
1370 1461 1434 1494 viri

241 1507 325 1541 Gelu
349 1511 504 1550 tremens,
530 1509 703 1541 Ambianis
941 1510 1042 1542 Veste
1063 1511 1168 1551 jactat
1192 1518 1229 1541 se
1253 1510 1368 1542 vestiri

290 1556 390 1589 Secus
416 1560 532 1598 portae
556 1558 680 1601 limina,
989 1558 1091 1591 Manu
1116 1558 1354 1593 catechumina.

156 1615 218 1648 5a.
245 1615 338 1654 Quod
359 1614 504 1648 salvator
529 1614 608 1648 fecit
631 1615 734 1657 prim,
860 1616 920 1650 5b.
944 1616 1029 1656 Quos
1054 1615 1211 1649 tenebant
1234 1617 1348 1648 mortis
1373 1619 1500 1658 portae,

241 1663 315 1695 Hoc
340 1666 373 1694 et
394 1663 457 1695 iste
482 1672 543 1703 per
562 1663 651 1696 illius
942 1665 1124 1698 Revocavit
1147 1666 1214 1696 tres
1240 1674 1261 1696 a
1284 1667 1390 1697 morte

290 1710 417 1743 Nomen
443 1710 523 1743 fecit
547 1714 678 1752 postea:
992 1713 1085 1746 Sicut
1109 1711 1258 1746 Christus
1284 1715 1389 1747 autea.

157 1770 217 1802 6a.
243 1769 283 1802 In
309 1769 460 1810 aerumis,
488 1769 557 1802 dies
583 1770 686 1801 omnis
861 1770 920 1805 6b.
945 1770 1050 1804 Utens
1077 1771 1148 1803 cibo
1174 1779 1339 1811 nunquam
1364 1771 1428 1803 sibi

241 1817 320 1849 Fuit
344 1818 395 1849 illi
419 1827 486 1851 nox
506 1818 663 1850 insomnis
945 1818 1113 1851 Satisfecit
1135 1827 1212 1850 usus
1240 1818 1304 1851 cibi

290 1866 336 1899 Et
361 1864 518 1899 fatiscens
543 1866 714 1907 palpebra,
990 1867 1134 1900 Potusve
1157 1867 1325 1901 illecebra.

158 1925 216 1958 721.
244 1924 476 1958 Tremebunda
501 1925 634 1958 taudem
657 1923 759 1956 febris
861 1925 921 1959 7b.
945 1925 1017 1958 Nec
1042 1924 1188 1958 admittit
1212 1925 1276 1958 sibi
1300 1928 1410 1958 tamen

242 1974 349 2007 Vexat
374 1983 456 2018 eum,
483 1973 556 2014 ipse
582 1973 706 2006 crebris
943 1974 1005 2007 Vel
1030 1974 1195 2007 substerni
1219 1974 1286 2007 vile
1310 1977 1453 2007 stramen

289 2022 438 2055 Letaniis
463 2022 608 2063 aethera,
991 2023 1054 2056 Vel
1079 2023 1199 2055 mutari
1219 2023 1333 2056 latera.

155 2081 213 2114 Sa.
242 2080 313 2113 Nec
337 2084 488 2122 opertum
515 2081 653 2114 cilicinis
859 2083 879 2116 8
893 2081 923 2117 b.
950 2081 1016 2114 Sed
1040 2083 1184 2114 mutatur
1207 2090 1307 2122 super
1335 2082 1422 2114 claro

242 2130 456 2171 Cineremque
481 2129 596 2163 foedat
621 2130 701 2162 cinis
942 2130 1046 2163 Lacte
1069 2130 1211 2163 candens
1237 2130 1306 2170 ejus
1333 2139 1407 2163 caro

286 2179 357 2212 Aut
380 2179 481 2212 vestis
503 2179 658 2220 serigera,
990 2179 1118 2212 Eadem
1141 2180 1175 2210 et
1200 2179 1315 2214 altera.

152 2239 211 2273 9a.
240 2237 382 2271 Gloriosi
405 2246 537 2279 compos
561 2236 636 2270 finis
860 2237 921 2272 9b.
944 2237 999 2270 Sic
1023 2246 1093 2279 nos,
1119 2236 1235 2280 inquit,
1263 2237 1358 2270 decet
1382 2237 1483 2279 mori3

236 2286 391 2320 Manibus
415 2296 451 2320 se
476 2286 639 2328 resupinis
942 2286 1024 2319 Mox
1048 2287 1206 2319 coelestes
1231 2286 1365 2319 adstant
1391 2286 1480 2320 chori

286 2335 427 2370 Vertens
453 2344 566 2368 versus
593 2336 745 2369 aethera:
990 2336 1031 2369 In
1054 2335 1123 2376 ejus
1149 2335 1323 2376 obsequiis.
