1652 2678
728 94 989 131 —287—

172 191 233 224 2a.
260 190 382 224 Nobile
406 189 526 225 festum
875 193 938 228 ab.
960 193 1006 226 Hi
1032 195 1101 227 veri
1125 194 1204 226 solis

257 240 350 273 Petri
376 240 536 281 Paulique
559 240 710 286 refulget,
961 242 1048 275 radii
1072 242 1164 283 pleni
1189 242 1306 283 sophia

264 287 437 330 Sanguinis
463 292 551 322 ostro
964 290 1143 324 Coelestem
1169 291 1270 323 vitam

260 337 396 369 mercati
421 340 492 369 sunt
962 339 1101 372 docuere

259 384 358 417 hodie
385 385 466 418 coeli
489 393 600 426 regua.
959 388 1113 420 mundum
1141 387 1290 420 doctrina
1315 396 1419 420 sacra.

174 442 233 475 3a.
259 442 354 482 Fide,
384 443 535 475 claritate
559 443 675 475 summi
877 443 936 478 31).
960 445 1090 477 Virtute
1114 443 1234 477 fratres
1259 445 1375 478 invicti

260 490 391 531 Olympi
418 490 508 523 clara
530 491 664 532 lumina⁷
964 493 1085 526 Christi
1111 493 1261 525 obtinent
1285 493 1432 534 gratiam.

173 548 233 581 4a.
261 548 317 582 Ad
344 549 431 582 vitae
455 552 602 582 senatum
627 550 762 583 mittunt
874 550 934 583 41).
961 550 1167 592 Discipulam
1194 550 1255 583 Dei
1280 551 1423 583 reddunt

261 597 441 630 animarum
466 598 559 630 milia
582 598 685 633 lucra.
956 599 1044 631 orbis
1060 599 1230 639 dominam,
1244 599 1357 631 urbem
1368 599 1515 632 Romam.

174 654 233 687 5a.
260 654 416 689 Debellat
440 654 602 688 Simonem
875 656 934 691 5b.
959 657 1095 690 Temere
1121 657 1197 689 dum
1222 660 1312 689 vetat

257 703 375 736 Petrus
405 712 529 744 magum
557 703 686 736 vaniter
960 705 1047 746 regis
1073 705 1198 738 aeterni
1223 708 1364 746 sceptra,

260 754 508 792 apostatamque
533 752 657 793 signat;
961 757 1135 786 enervatur
1160 763 1180 786 a
1202 757 1306 794 petra.

172 809 229 842 Ga.
257 808 407 850 Denique
433 808 552 841 Paulus
877 809 936 844 6b.
958 810 1048 843 Luce
1071 812 1237 852 signorum

260 861 373 890 caecat,
396 866 526 898 magum
549 857 703 900 Elymam
959 859 1129 900 praecipui
1154 863 1315 900 martyres

260 905 456 939 renitentem
961 907 1094 946 gloriosi

259 954 385 986 tramiti
411 954 534 987 Christi
559 957 660 995 recto,
960 958 1056 987 vento
1082 958 1268 995 sequentem
1295 964 1424 997 magum

259 1003 404 1035 tenebris
963 1003 1125 1036 Simonem

260 1059 332 1082 eum
357 1050 519 1092 perpetim
544 1050 690 1085 mulctat.
962 1051 1111 1092 dejecere
1136 1051 1178 1083 ad
1199 1051 1273 1085 ima.

174 1108 232 1141 7a.
261 1108 341 1141 Post
365 1108 492 1150 proelia
516 1108 616 1149 mille,
878 1108 938 1143 7b.
961 1110 1078 1142 Petrus
1103 1109 1248 1149 vestigiis

258 1166 374 1197 passus
400 1159 498 1196 atque
520 1156 649 1189 labores
959 1157 1098 1197 supplex
1123 1156 1202 1189 vicit
1227 1157 1269 1190 ad
1295 1158 1401 1191 coelos

259 1206 379 1238 amicos
407 1204 554 1239 Christus
579 1208 673 1237 vocat
957 1205 992 1237 in
1019 1214 1124 1245 cruce,
1153 1205 1271 1237 Paulus
1297 1215 1423 1247 quoque

258 1253 300 1286 ad
326 1254 396 1294 poli
421 1253 544 1293 templa
962 1253 1107 1293 dejectus
1132 1262 1208 1285 ense

255 1301 410 1342 jucunda.
961 1302 1151 1342 triumphat,

552 1359 583 1392 8.
613 1359 754 1399 Quorum
778 1366 894 1399 preces
919 1367 978 1391 nos
1004 1359 1141 1392 salvent.

248 1425 333 1453 Miss.
354 1434 408 1453 ms.
431 1424 612 1453 Praedicatt.
635 1433 713 1453 saec.
737 1423 781 1453 14.
804 1423 876 1452 eod.
898 1424 995 1461 Capit.
1016 1425 1209 1463 Lugdunens.
1229 1426 1256 1454 A
1277 1424 1304 1454 6.
1326 1426 1363 1454 Α.
1378 1442 1418 1447 -
1431 1427 1514 1454 Miss.

170 1463 373 1501 Lugdunense
397 1465 469 1500 imp.
489 1464 631 1500 Lugduni
662 1462 745 1492 1500.
766 1464 800 1493 Β.
822 1478 860 1482 -
881 1460 939 1498 5a,
967 1461 985 1490 2
1008 1472 1127 1501 magum
1145 1464 1209 1499 jam
1229 1466 1275 1493 ter
1294 1465 1331 1492 A.
1354 1480 1392 1485 —
1414 1463 1469 1500 Ga?
1498 1462 1517 1491 2

170 1511 313 1540 magnum
331 1503 470 1531 Elimans
491 1502 526 1530 A.
549 1517 584 1522 —
607 1500 658 1539 612,
679 1501 700 1531 4
721 1504 811 1531 vento
832 1501 1020 1538 frequentem
1040 1503 1074 1531 A.

592 1615 660 1647 382.
700 1615 746 1647 De
766 1622 807 1647 ss.
832 1614 926 1647 Petro
948 1615 982 1647 et
1001 1616 1110 1648 Paulo.

173 1687 232 1720 la.
257 1685 333 1719 Hac
356 1686 391 1718 in
419 1686 471 1718 die
495 1686 589 1726 plebs
614 1686 723 1720 fidelis
875 1687 934 1722 ib.
958 1688 1075 1721 Petrus
1102 1696 1205 1731 cruce,
1234 1688 1354 1721 Paulus
1381 1698 1459 1722 ense

255 1734 470 1771 Jucundetur,
496 1743 571 1767 nam
596 1735 631 1767 in
657 1736 756 1768 caelis
957 1735 1209 1777 Triumphantes
1239 1737 1281 1769 ad
1315 1737 1493 1772 immensae

305 1783 423 1825 Ingens
449 1781 488 1815 fit
511 1783 646 1824 laetitia,
1006 1784 1153 1825 Migrant
1172 1784 1253 1817 lucis
1279 1786 1407 1826 gaudia.

172 1842 228 1875 2a.
256 1841 302 1873 Hi
327 1844 403 1874 sunt
429 1840 551 1882 duplex
574 1841 743 1882 luminare,
874 1841 935 1875 2b.
962 1842 1092 1876 Christo
1119 1842 1215 1875 detur
1238 1843 1310 1876 laus
1337 1847 1369 1877 et
1393 1845 1506 1887 honos,

257 1889 325 1930 Quo
351 1893 513 1923 terrarum
538 1889 705 1922 illustrare
955 1891 1132 1931 Adoretur‚
1160 1891 1214 1931 qui
1237 1895 1393 1932 patronos

304 1939 418 1981 Regna
442 1938 533 1971 Deus
558 1939 678 1980 voluit3
1005 1939 1104 1972 Tales
1128 1939 1250 1973 mundo
1275 1942 1438 1982 praebuit.

170 1998 228 2032 3a.
255 1996 341 2030 Nam
367 1996 502 2031 Judaeis
527 1999 564 2028 ut
591 1996 666 2038 diei,
876 1996 936 2031 3b.
960 1997 1058 2031 Genti
1085 1998 1161 2031 deos
1191 1998 1342 2032 adoranti

254 2046 377 2087 Quibus
402 2048 513 2079 notum
540 2055 658 2078 nomen
683 2045 757 2087 Dei,
959 2046 1136 2088 Tamquam
1161 2048 1250 2079 nocti
1281 2049 1435 2091 caliganti

301 2095 419 2128 Petrus
443 2097 557 2135 pastor
584 2093 747 2136 praefuit3
1007 2096 1128 2129 Paulus
1153 2096 1220 2128 late
1246 2097 1372 2131 claruit.

168 2154 228 2187 4a.
255 2152 383 2186 Horum
408 2153 517 2185 lumen
543 2153 814 2194 exstinguendum
874 2153 934 2187 4b.
957 2153 1023 2187 Sed
1048 2154 1081 2186 in
1106 2157 1212 2187 morte
1237 2164 1347 2188 casum
1372 2158 1478 2190 nescit

253 2201 343 2235 Nero
369 2203 483 2243 sperat
506 2205 537 2233 et
565 2201 740 2234 delendum
958 2202 1032 2235 Lux
1057 2205 1252 2245 sanctorum,
1278 2204 1377 2239 immo
1400 2206 1517 2240 crescit

301 2250 429 2284 Nomen
455 2250 491 2282 in
518 2250 665 2292 interitu,
1009 2251 1180 2295 Signorum
1201 2253 1331 2290 intuitu.

167 2310 226 2344 5a.
254 2308 369 2342 Nostri
397 2310 495 2343 duces
522 2311 555 2341 et
578 2309 720 2351 patroni,
876 2309 937 2344 5b.
958 2310 1059 2343 Vobis
1086 2319 1195 2343 sumus
1222 2313 1449 2356 commendati,

251 2359 327 2393 Jam
352 2359 396 2392 ad
421 2367 537 2400 preces
560 2361 688 2391 nostras
717 2358 814 2400 proni
958 2360 1024 2393 Per
1049 2369 1106 2393 vos
1132 2368 1274 2393 summae
1303 2363 1445 2396 ‘firmitati

300 2407 380 2442 Sitis
406 2407 510 2443 vestri
534 2407 658 2451 gratia;
1007 2408 1187 2451 Jungamur
1208 2410 1243 2442 in
1268 2411 1383 2453 gloria,
