1652 2678
756 93 1020 129 —316—

625 194 681 228 10.
708 192 807 227 Unde
830 191 924 224 nobis
949 190 1113 231 impetret,

706 241 794 280 Quae
819 242 978 281 optamus,
1004 238 1162 279 praemia.

293 310 379 339 Miss.
401 309 615 338 Suessionense
634 310 707 344 imp.
726 307 855 335 Parisiis
877 303 962 335 1516.

585 419 657 451 420.
702 418 747 450 De
763 426 788 449 s.
808 418 927 450 'rhama
949 415 1183 449 cantuariensi.

218 488 276 521 la.
301 487 374 527 Dic,
398 486 527 527 Anglia‚
915 483 973 518 ib.
997 484 1090 517 Intra
1112 485 1251 515 matrem

301 535 381 569 Cum
404 536 509 567 matre
531 533 584 566 dic
609 533 748 565 eeclesia
998 532 1147 565 Mactant
1171 532 1240 563 nati
1257 539 1396 572 nequam
1415 533 1555 572 patrem,

345 581 500 622 Alleluja.
1044 579 1110 614 Res
1132 578 1294 613 miranda.

216 642 275 674 2a.
302 639 399 673 Sidus
422 641 568 671 nostrum
592 638 740 680 moritur,
914 638 971 672 2b.
995 637 1109 679 Causa,
1138 646 1196 671 cur
1220 637 1387 678 occiderit,

298 688 392 721 Idem
415 686 508 719 nobis
535 686 637 719 oritur
997 687 1130 720 Cunctis
1154 688 1246 726 patet
1271 689 1305 719 et
1328 686 1390 718 erit

346 734 401 769 Sol
427 735 467 767 de
491 734 597 767 stella.
1045 733 1181 775 Semper
1205 735 1304 768 clara.

215 794 274 827 ga.
299 793 440 826 Thomas
465 800 602 833 sequens
627 791 811 834 Dominum,
913 792 973 826 ab.
996 791 1074 825 Obit
1092 793 1127 825 in
1151 791 1298 833 eeclesia,

300 840 359 874 Gui
381 841 490 873 nullus
516 840 680 873 hominum
996 840 1045 873 Ob
1066 840 1102 872 id
1128 849 1189 873 nee
1213 840 1351 873 ecclesia

348 889 425 922 Pari
449 888 555 921 forma
1044 887 1102 921 Fit
1126 890 1291 929 eoi-rupta.

212 949 271 982 4a,
297 946 365 979 Dat
388 946 450 979 hoe
474 955 608 988 granum
632 949 793 980 mortuum
912 945 971 980 4b.
993 946 1185 979 Immolatur
1211 946 1276 978 dux
1302 945 1408 987 gregis

297 995 490 1028 Ubertatem
515 993 680 1027 fruetuum

345 1043 441 1076 Valle
466 1045 587 1085 nostra,

213 1102 273 1134 5a.
297 1099 409 1133 Flavit
433 1108 497 1133 non
521 1108 582 1140 pro
606 1099 707 1132 nihilo

294 1148 417 1180 Boreas
443 1150 477 1180 et
500 1147 618 1189 aquilo,

298 1195 395 1237 Cujus
418 1205 509 1228 mens
533 1196 568 1228 in
592 1195 704 1228 nubilo

343 1243 406 1277 Est
432 1247 465 1276 et
490 1252 594 1277 caeca.

212 1302 270 1335 6a.
295 1301 368 1333 Nee
391 1301 518 1335 scribae
542 1301 590 1333 sie
614 1301 663 1333 rei

296 1349 367 1381 Neo
394 1351 471 1381 sunt
494 1349 663 1381 Pharisaei

342 1397 415 1431 Nee
438 1396 636 1430 :Iudaeorum

390 1453 469 1485 gens
493 1445 613 1477 misera

912 1099 972 1134 δῖ).

911 1301 970 1334 6b.

995 994 1048 1026 Ab
1072 994 1159 1026 ursis
1182 993 1286 1026 nostri
1310 994 1399 1034 regis

1045 1041 1150 1074 Carne
1175 1044 1314 1083 sumpta.

994 1099 1080 1141 Lupi
1106 1099 1182 1141 agni
1203 1099 1342 1141 judices,

993 1148 1132 1180 Mittunt
1154 1151 1222 1179 tres
1247 1146 1417 1189 pontifices

994 1197 1137 1236 Quatuor
1162 1194 1330 1228 carnifices

1041 1243 1097 1276 Ad
1121 1244 1301 1284 praedicta.

992 1301 1040 1334 Ut
1063 1301 1099 1332 hi
1123 1301 1309 1344 Amorhaei,

993 1349 1039 1382 Ut
1064 1349 1119 1389 qui
1144 1350 1253 1382 hostes
1280 1350 1318 1390 ei,

1043 1397 1142 1436 Quem
1168 1397 1280 1437 genuit

1089 1454 1261 1486 puerpera.

647 1504 678 1537 7.
705 1503 838 1536 Utinam
862 1505 1015 1544 saperent

705 1550 751 1584 Et
771 1550 991 1593 intelligerent

752 1599 804 1632 Ac
830 1600 1006 1632 novissima

802 1648 1042 1688 praeviderent.

288 1723 374 1751 Miss.
397 1723 654 1752 Fontrebaldense
681 1725 752 1760 imp.
772 1724 900 1753 Parisiis
929 1721 1012 1753 1534.
1041 1724 1128 1753 MeL:
1156 1723 1360 1753 Laetabudus.
1384 1739 1424 1743 -—
1452 1721 1510 1758 lb,
1537 1722 1552 1752 1

210 1761 294 1790 Infra
312 1765 446 1790 matrem.
466 1778 493 1783 -
524 1761 568 1791 4b
582 1782 590 1796 ‚
612 1760 630 1790 2
650 1762 693 1791 Et
712 1764 750 1791 ab
770 1764 859 1791 ursis.
879 1777 918 1782 -—
939 1762 990 1798 5a,
1012 1761 1031 1791 2
1052 1764 1083 1792 et
1101 1763 1185 1791 fehlt,
1209 1778 1248 1783 -—-
1268 1760 1320 1797 6a,
1342 1761 1360 1792 3
1382 1763 1449 1791 eine
1469 1761 1554 1792 Silbe

211 1800 324 1837 zuvielg
345 1801 365 1829 1.
386 1800 450 1829 Nee
470 1800 595 1835 Judaea‚
616 1809 689 1839 gens
711 1803 843 1830 misera?

642 1915 704 1946 421.
745 1916 789 1947 De
809 1915 919 1947 saneto
941 1915 1119 1957 Trophimo.

911 1992 969 2026 1b.
992 1993 1057 2026 Die
1080 1992 1144 2025 ista
1168 1992 1259 2025 laudi
1283 1991 1379 2025 detur

992 2040 1040 2073 Et
1063 2039 1170 2074 felicis
1195 2043 1371 2074 renovetur

1043 2089 1212 2130 Trophimi
1238 2089 1405 2124 memoria.

910 2146 969 2180 2b.
993 2148 1089 2181 Hanc
1112 2148 1157 2181 ad
1180 2147 1295 2180 urbem
1323 2148 1504 2181 destinatus

995 2195 1139 2229 Verbum
1162 2195 1227 2230 Dei
1252 2196 1295 2229 ad
1320 2197 1384 2230 hoo
1410 2197 1505 2231 datus

1041 2245 1252 2278 Praedicavit
1276 2245 1377 2279 ocius.

911 2302 971 2337 3b.
995 2303 1242 2344 contemplatur
1264 2303 1352 2336 hunc
1373 2303 1554 2347 docentem,

993 2350 1105 2384 Ferox
1129 2351 1209 2384 ferit
1232 2352 1440 2387 innocentem

1043 2399 1153 2433 Ducta
1176 2400 1245 2433 zelo
1271 2399 1387 2435 iuriae.

213 1990 270 2024 la.
299 1989 488 2023 Gratuletur
513 1990 607 2031 plebs
632 1990 752 2032 fidelis,

297 2037 421 2078 Gaude,
447 2039 553 2082 tellus,
579 2040 708 2080 gaudet,
737 2039 834 2073 caelis

343 2087 541 2127 Angelorum
567 2088 675 2129 curia3

212 2144 270 2177 2a.
296 2144 432 2177 Praesul
456 2147 567 2178 noster
587 2145 740 2187 Asianus,

297 2191 372 2225 Vita
397 2193 534 2233 pollens,
560 2194 660 2227 verbo
686 2203 783 2227 sanus

345 2240 439 2273 Pauli
463 2241 525 2273 fuit
549 2242 665 2283 socius,

213 2297 272 2331 3a.
297 2298 442 2331 Arelatis
467 2308 544 2341 gens
571 2300 691 2341 iniqua,

296 2345 391 2379 Prius
415 2346 486 2380 Deo
511 2348 652 2389 inimica,

347 2394 453 2434 Caput
479 2395 662 2438 idolatriae,
