1652 2678
121 212 182 246 9a.
209 213 276 253 Quo
301 212 447 246 fruamur
472 216 603 246 aeterno
629 210 713 244 festo
823 210 882 244 9b.
907 209 986 242 Cum
1012 207 1211 240 transeundo
1236 205 1439 239 ministrabis

207 261 403 295 celebrando
430 270 540 295 verum
562 260 694 302 paschaz
909 265 1039 290 coenam
1065 254 1211 296 famulis;
1238 254 1354 287 beatae

587 328 642 361 10.
669 326 823 360 Caritatis

669 373 822 407 Trinitati
849 372 964 413 gloria.

196 463 286 498 Trop.
313 471 367 489 ms.
394 461 593 490 Novalicense
619 467 696 487 saec.
725 457 769 486 11.
799 458 870 486 Cod.
898 457 1062 486 Oxoniens.
1084 457 1189 486 Douce
1217 454 1285 484 222.
1306 471 1343 476 —-
1365 454 1424 488 5b,
1445 452 1464 482 ‘2

122 499 190 528 hen.
211 516 249 520 —
266 500 319 534 712,
341 500 358 529 5
380 503 470 537 atque
492 499 606 528 Jesum.

564 620 612 651 29.
652 619 748 652 Feria
767 619 820 652 III.
840 618 1018 651 Paschatis.

636 703 666 737 1.
694 702 794 745 Cane,
821 705 938 734 cuncta

122 771 179 802 22.
208 770 305 803 Nunc
330 773 460 803 caterva
822 770 881 803 ab.
908 769 1050 810 Christo,
1077 772 1150 802 tuas

206 818 347 859 mystica
906 818 962 859 qui
987 818 1082 850 tersit

255 867 334 899 odas
361 866 487 900 debitas
953 866 1118 907 sanguinis
1143 865 1233 898 unda

122 935 179 968 3a.
208 935 384 969 Criminum
411 935 523 976 culpas
822 935 880 969 ab.
903 933 1071 976 Confregit
1097 936 1209 975 portas

208 986 239 1015 et
266 983 425 1015 concessit
905 981 1083 1015 infernales

208 1031 356 1072 polorum
382 1040 491 1074 regna,
905 1040 967 1063 nec
991 1040 1056 1063 non
1081 1028 1199 1064 infera.

122 1099 180 1131 4a.
210 1098 355 1139 Suosque
378 1099 522 1132 liberans
822 1098 881 1132 412.
906 1099 1006 1132 Vexit
1031 1098 1075 1131 ad
1099 1106 1229 1139 supera,

212 1147 334 1179 delevit
908 1156 1024 1180 cruore

206 1199 343 1228 mortem
368 1195 600 1236 turpissimam,
907 1204 987 1236 quos
1013 1195 1208 1237 redemerat,

124 1264 180 1295 521.
210 1263 452 1296 Paradisiacam
826 1263 884 1296 5b.
913 1262 1030 1296 Clausa
1057 1271 1140 1304 quae
1165 1261 1272 1295 fuerat

209 1312 401 1352 apemitque
422 1312 567 1352 J'anuam,
911 1311 1051 1344 hominis
1077 1311 1177 1351 primi
1202 1319 1263 1351 per
1289 1311 1430 1351 culpam.

125 1379 182 1412 6a.
209 1377 324 1420 Parce,
352 1388 410 1411 rex
434 1380 499 1420 pie,
825 1379 884 1414 6b.
908 1380 960 1413 Da
984 1379 1080 1412 nobis
1106 1380 1196 1412 clara

209 1431 243 1459 et
265 1430 398 1469 exterge
907 1427 975 1461 frui
999 1428 1069 1461 vita

209 1478 322 1508 nostra
347 1479 462 1509 cuncta
487 1477 621 1511 scelera.
908 1486 948 1510 ac
970 1477 1050 1517 poni
1074 1476 1109 1509 in
1141 1477 1246 1518 gloria

558 1545 590 1578 7.
617 1544 714 1577 Nunc
739 1547 772 1577 et
795 1553 856 1585 per
881 1547 997 1577 cuncta

618 1593 758 1627 saecula.

201 1678 291 1716 Grad-
319 1687 373 1706 ms¹
396 1678 427 1707 S.
454 1679 655 1714 Magdalenae
675 1680 826 1713 Bisuntin.
853 1687 931 1707 saec.
955 1677 1000 1707 11.
1023 1688 1068 1707 ex.
1091 1680 1163 1708 Cod.
1186 1679 1336 1707 Bisuntin.
1357 1676 1404 1707 78.
1430 1694 1470 1698 —

122 1714 175 1751 4a,
197 1714 216 1745 3
234 1717 419 1746 Uberschuss
440 1727 501 1746 von
523 1719 606 1746 einer
627 1718 721 1747 Silbe.
744 1733 784 1739 —-
804 1717 858 1753 61),
879 1717 898 1746 2
918 1719 1032 1755 perfrui
1053 1719 1110 1747 Hs.

570 1851 620 1884 30.
661 1852 757 1884 Feria
777 1851 830 1884 ΠΙ.
851 1851 1026 1885 Paschatis.

593 1935 624 1968 1.
651 1934 790 1975 Pangite
814 1934 902 1967 celsa
924 1943 1015 1975 voce,

651 1992 733 2023 puro
760 1982 860 2016 corde
885 1991 1021 2023 quoque,
1053 1983 1105 2023 eja

126 2048 183 2080 2a.
212 2048 309 2089 Socii,
335 2049 446 2083 votiva
830 2050 890 2083 2b.
914 2051 1061 2083 Promite
1086 2051 1261 2091 praeclara

211 2106 298 2129 nunc
324 2097 527 2131 celebrantes
553 2098 684 2139 gaudia,
914 2098 996 2131 haec
1020 2100 1101 2133 Jesu
1127 2098 1250 2132 Christi
1274 2099 1425 2141 trophea.

130 2165 187 2197 3a.
214 2164 412 2198 Lustrentur
435 2168 581 2206 pectora,
831 2166 889 2201 3b.
913 2167 1088 2200 Resultent
1112 2177 1245 2210 organa,

212 2216 362 2253 patescat
916 2216 1097 2249 conclamet

213 2270 277 2293 vox
300 2262 442 2295 indivise
466 2262 562 2296 socia.
915 2273 1007 2296 mens
1033 2266 1188 2306 puritatis
1215 2266 1355 2299 conscia.

130 2330 189 2362 4a.
216 2329 421 2371 Devotioque
445 2331 502 2371 pia
833 2330 894 2364 4b.
915 2332 969 2365 Ab
994 2331 1112 2365 inferis
1134 2332 1276 2366 Domino

216 2382 388 2419 consurgat
917 2380 1090 2421 depromat

217 2430 293 2461 ante
318 2426 423 2462 Deum
450 2437 579 2467 cernua,
919 2429 1103 2470 resurgenti
1127 2428 1227 2463 talia:
