1652 2678
682 95 920 133 -33—

134 194 194 229 32..
221 193 354 227 Turbae
373 200 495 236 pavent
519 196 671 238 gentium,

222 242 305 282 Quia
329 244 448 285 linguis
475 246 613 277 omnium

219 291 292 325 Vox
318 295 413 325 sonat
436 293 631 327 dicentium:

268 338 357 373 Laus
380 340 442 374 tibi
466 342 520 384 sit,
545 341 695 375 Domine.

134 398 194 432 4a.
217 397 369 431 Sanctum
395 408 545 440 pneuma,
571 400 712 441 petimus

217 445 271 480 Da
294 455 420 488 pacem,
449 448 524 480 dum
550 448 697 488 vivimus,

217 493 312 536 Dele,
338 505 421 537 quae
444 497 649 536 peccavimus

269 544 385 584 Corde,
413 545 533 585 verbis,
560 553 668 586 opere.

838 195 898 229 eb.
920 195 1042 228 Putant
1065 203 1137 228 esse
1159 195 1295 228 stolidos

918 244 1027 284 Atque
1051 245 1156 276 musto
1181 242 1328 276 madidos

920 293 999 334 Igne
1023 295 1078 325 tuo
1104 290 1258 331 fervidos,

967 340 1108 381 Spiritus
1133 340 1301 381 paraclite.

835 399 896 434 4b.
920 399 1023 432 Tuum
1050 407 1120 431 esse
1147 398 1293 439 dicimus,

920 447 1084 488 Quidquid
1109 447 1186 479 bom·
1211 445 1358 485 facimus,

917 495 993 528 Tibi
1017 495 1237 528 benedicimus

967 543 1063 576 Nunc
1089 547 1121 576 et
1144 544 1230 576 omni
1255 547 1413 584 tempore.

217 619 306 647 Grad-
328 628 381 649 ms.
403 620 550 648 Remense
571 628 647 648 saec.
670 617 715 647 12.
738 619 808 647 Cod.
830 619 966 647 Remens.
987 617 1053 648 261.
1076 619 1142 647 add.
1164 627 1241 648 saec.
1264 616 1300 647 12
1323 627 1365 647 ex.

570 732 618 763 34.
658 731 695 764 In
713 732 805 764 resto
825 731 1037 764 Pentecostes.

158 802 215 835 la.
243 802 475 843 quinquagena
497 803 554 835 lux
578 803 698 846 illuxit,

240 850 291 883 Ex
318 859 380 891 quo
405 859 540 891 surgens
565 860 640 883 suos
666 851 759 884 duxit

290 897 436 931 Christus
460 899 503 931 ad
530 900 692 940 coelestia,

157 958 215 990 2a.
242 956 367 989 Doctor
392 957 520 997 spirans
546 957 587 990 ab
614 960 756 997 aetern0,

239 1004 303 1037 Die
327 1003 504 1045 splendens
530 1004 687 1038 hodierno

288 1052 470 1093 Repentino
495 1062 638 1096 munere,

157 1112 214 1146 3a.
240 1111 314 1144 Non
339 1111 394 1143 hic
418 1110 498 1144 Sina
521 1114 625 1144 tectus
650 1111 746 1153 nube,

240 1159 314 1192 Non
327 1159 381 1192 hic
389 1162 506 1201 terror,
520 1169 585 1193 non
596 1159 650 1193 hic
660 1160 768 1201 tubae,

285 1207 360 1241 Non
385 1207 440 1240 hic
463 1209 586 1241 micant
609 1206 752 1250 flumina,

154 1267 212 1301 4a.
241 1266 349 1300 Corda
362 1267 514 1310 gaudent,
532 1274 628 1299 voces
642 1269 769 1308 sonant,

237 1314 384 1355 Linguae
397 1314 509 1348 modos
525 1315 635 1347 dulces
646 1315 771 1348 donant

286 1364 326 1397 In
350 1363 414 1396 Dei
438 1363 610 1405 magnalia,

156 1423 213 1455 5a.
242 1420 327 1461 Quos
358 1420 532 1462 objurgans
559 1421 769 1462 obloquentes

236 1470 354 1503 Petrus
384 1470 482 1503 verbo
500 1469 630 1503 fraenat
645 1472 769 1502 mentes

286 1518 397 1551 Fideli
423 1519 606 1552 constantia

154 1578 212 1611 6a.
242 1576 386 1617 Linguas
410 1586 532 1618 pravae
555 1577 696 1610 nationis

240 1673 335 1707 Circa
359 1676 480 1707 turrem
507 1673 683 1715 Babylonis

287 1721 443 1757 Contudit
467 1722 630 1763 superbia,

154 1780 211 1813 Ta.
239 1780 487 1813 Praedicandus
522 1783 594 1812 erat
617 1780 767 1823 mundus,

238 1828 448 1861 Excolendus
475 1827 598 1862 Christi
622 1826 753 1871 fundus,

287 1877 448 1912 Jacienda
473 1876 616 1917 semina;

153 1936 212 1971 Sa.
239 1934 446 1977 Septiformis
479 1935 670 1980 consolator,

238 1984 451 2018 Innocentum
477 1986 694 2024 consecrator,

286 2034 497 2067 Peccatorum
525 2034 630 2074 venia,

152 2093 209 2126 ea.
235 2091 289 2126 Da
306 2099 361 2124 cor
374 2095 508 2134 rectum,
529 2091 626 2125 fidem
638 2091 768 2134 bonam,

236 2140 397 2183 Linguam
423 2140 484 2174 tibi
512 2142 590 2174 dare
615 2150 751 2182 pronam

285 2189 407 2223 Sacrae
431 2189 539 2223 laudis
562 2190 688 2232 munia3

237 2248 297 2293 Tu,
325 2249 380 2290 qui
405 2257 516 2282 servos
540 2249 561 2283 J
565 2257 621 2281 esu
648 2248 768 2282 Christi

235 2298 331 2332 Nova
355 2298 430 2331 luce
454 2296 630 2339 perfudisti

282 2347 378 2380 Nova
404 2347 529 2380 donans
551 2355 695 2388 munera,

125 2250 209 2284 lOa.

858 803 919 837 ib.
941 803 1114 836 Reseravit
1136 802 1183 835 ibi
1211 804 1344 844 caelum,

943 850 1008 884 Sed
1032 851 1086 884 hic
1110 851 1237 883 solvens
1263 852 1343 892 legis
1367 852 1473 884 velum

991 898 1154 932 Patefecit
1174 899 1272 933 invia.

858 957 919 990 2b.
942 957 1083 991 Fluxum
1111 958 1218 990 cordis
1245 960 1277 990 et
1300 957 1449 990 timorem

943 1006 1076 1039 Sacrum
1100 1006 1193 1038 tersit
1219 1014 1279 1046 per
1304 1014 1446 1038 amorem

989 1053 1082 1087 Novo
1110 1055 1185 1087 dato
1210 1052 1352 1089 foedere.

856 1111 915 1145 3b.
936 1111 1003 1144 Sed
1036 1112 1157 1152 ignitae
1181 1112 1310 1153 linguae
1337 1113 1470 1155 dantur,

937 1160 985 1194 Ut
1009 1159 1111 1201 ignita
1136 1157 1346 1199 proferantur

986 1207 1216 1241 Doctrinarum
1241 1206 1387 1242 fulmina.

853 1266 914 1299 4b.
939 1265 1005 1300 Sed
1028 1265 1167 1306 loquelis
1194 1269 1260 1297 tam
1287 1266 1434 1299 diversos

936 1314 1034 1347 Plebs
1060 1315 1176 1346 insana
1201 1316 1296 1355 putat
1319 1322 1442 1347 mersos

988 1361 1089 1395 Gravi
1110 1362 1327 1396 tremulentia.

854 1421 911 1454 5b,
934 1421 981 1454 Et
1005 1420 1097 1453 Joele
1122 1423 1205 1453 teste
1231 1420 1335 1462 docet,

936 1469 1029 1510 Quod
1053 1468 1088 1501 in
1113 1469 1243 1502 laudem
1268 1469 1355 1502 viros
1373 1472 1467 1502 vocet

986 1517 1125 1558 Spiritus
1150 1518 1346 1558 praesentia.

852 1576 913 1611 6b.
938 1576 1003 1609 Sed
1037 1577 1099 1608 hoc
1129 1575 1237 1619 signo,
1277 1585 1338 1617 quo
1373 1584 1468 1617 prae-

1233 1626 1339 1657 statur

937 1673 1047 1706 Omnis
1073 1673 1193 1715 lingua,
1222 1672 1393 1706 decoratur

983 1721 1125 1755 Humilis
1152 1721 1298 1755 ecclesia.

852 1780 911 1813 Ἡ).
934 1779 979 1812 Ni
996 1787 1180 1812 communes
1198 1781 1306 1812 essent
1322 1779 1462 1821 linguae,

936 1828 1010 1861 Non
1034 1827 1199 1869 proferret
1223 1828 1327 1860 solum
1345 1828 1464 1869 pingue

984 1876 1134 1910 Pretiosa
1162 1876 1317 1917 germina.

853 1935 911 1971 eb.
934 1935 1032 1968 Vitae
1054 1937 1180 1976 portus,
1207 1933 1280 1968 fons
1305 1936 1435 1977 amoris,

937 1983 1133 2024 Sempiterni
1158 1983 1215 2018 lux
1240 1984 1424 2025 splendoris

983 2032 1149 2066 Viantium
1173 2033 1319 2073 praevia.

853 2092 913 2128 9b.
935 2092 1037 2125 Ornet
1061 2094 1152 2125 actus
1178 2092 1246 2124 vita
1270 2101 1363 2134 pura,

936 2141 1140 2182 Propagetur
1161 2140 1231 2182 jugi
1258 2149 1335 2173 cura

985 2189 1116 2223 Morum
1146 2189 1368 2224 sanctimonia.

934 2248 1004 2282 Nos
1029 2250 1211 2281 transactos
1236 2250 1312 2288 post
1333 2248 1466 2282 labores

934 2296 1027 2330 Inter
1051 2296 1138 2330 vitae
1163 2306 1385 2337 prossessorcs

986 2345 1142 2380 Coelestis
1168 2347 1356 2382 adnumera.

829 2249 912 2284 10b.

200 2425 320 2456 Prosar.
342 2434 396 2453 ms.
418 2425 648 2454 Mai-chianense
667 2433 744 2454 saec.
768 2422 813 2455 15.
836 2425 906 2455 Cod.
930 2426 1079 2453 Duacens.
1105 2421 1168 2454 123.

181 2479 311 2507 Drewas,
327 2477 475 2508 sequentiae
487 2477 607 2502 lneuitae.
629 2477 675 2501 111.

1272 2472 1291 2503 :3
