1652 2678
703 110 967 147 -215—

202 209 259 243 6a.
287 208 396 251 Fagus
422 207 528 242 furem
553 209 658 243 tenuit
902 209 961 243 6b.
986 208 1052 242 Sed
1077 208 1201 242 vinctos
1227 208 1371 241 reatibus

283 257 330 290 Et
354 257 480 299 vulpes,
508 268 604 299 quam
628 258 747 299 rapuit,
984 257 1116 292 Juniani
1140 257 1291 298 precibus

332 306 494 340 Praedam
519 307 710 348 reportavit,
1033 306 1182 340 Christus
1206 305 1370 339 liberavit.

204 364 264 399 7a.
291 363 347 396 Sic
372 363 511 397 diversis
537 364 707 406 speciebus
903 366 921 398 7
933 365 966 398 b.
988 366 1094 398 Fures
1118 363 1218 405 capit,
1243 362 1333 396 fures
1357 363 1449 404 ligat,

285 413 325 445 In
349 413 498 445 humanis
523 414 609 447 ludit
632 413 730 446 rebus
983 414 1087 446 Fures
1113 412 1211 445 solvit
1235 415 1269 444 et
1294 412 1431 453 castigat

337 460 459 493 Divina
483 462 640 502 potentia,
1032 460 1137 500 Hujus
1163 461 1268 493 sancti
1292 462 1406 501 gratia.

201 519 260 552 8a.
288 518 381 551 Haec
407 521 440 550 et
464 519 515 551 his
540 519 659 553 similia
901 519 955 552 8b.
981 520 1078 553 Felix
1102 519 1216 551 mortis
1241 518 1355 551 nuntia

284 567 448 601 Miracula
470 568 563 601 varia
981 568 1037 600 Ad
1062 575 1163 608 regna
1189 566 1342 600 coelestia

332 615 418 648 Dum
445 616 594 650 Christus
619 618 783 657 operatur,
1031 615 1190 649 Junianus
1216 617 1358 649 vocatur.

201 673 258 706 9a.
287 673 423 713 Quando
449 676 562 706 sancta
586 673 799 714 Radegundis
900 674 958 708 9b.
982 675 1051 707 Iste
1076 676 1205 706 sanctus
1230 674 1265 706 in
1290 681 1408 705 aurora

283 722 323 754 In
348 720 481 753 sedibus
511 722 718 754 laetabundis
981 722 1057 756 Una
1081 721 1144 762 die,
1170 731 1235 754 una
1256 722 1337 754 hora

332 769 436 811 Regni
461 773 626 810 sceptrum
651 770 743 813 adiit,
1029 770 1082 803 Ex
1107 769 1169 802 hoc
1192 769 1312 802 mundo
1337 770 1477 803 transiit.

177 825 259 859 lOa.
286 827 384 859 Vitae
409 829 591 867 praesentis
617 836 695 860 area
875 828 960 862 lob.
983 828 1039 861 Ad
1062 827 1182 860 horrea
1207 828 1343 868 siderea,

284 874 429 908 Granum
455 884 624 909 excussum
648 876 745 916 palea
982 876 1101 909 Sancta
1126 875 1222 915 gleba
1246 884 1403 915 corporea

331 925 397 957 Per
421 932 580 958 messores
605 928 756 966 port-atur
1030 924 1200 957 Nobiliaco
1228 925 1333 957 datur.

174 980 218 1014 11
229 990 257 1016 a.
285 981 435 1022 Juniane‚
462 985 575 1022 pastor
599 983 694 1025 bone,
876 983 957 1017 llb.
979 982 1097 1016 Funde
1120 991 1235 1022 preces
1262 990 1369 1015 coram
1394 989 1481 1022 rege,

282 1030 341 1063 Pie
365 1032 461 1071 pater
486 1033 520 1063 et,
542 1035 681 1071 patrone
979 1031 1027 1064 Ut
1050 1039 1109 1063 nos
1134 1032 1240 1062 tecum
1266 1033 1298 1063 et
1323 1038 1396 1062 cum
1411 1038 1508 1071 grege

334 1079 399 1112 Pro
425 1081 482 1111 tua
506 1078 632 1113 familia
1029 1079 1203 1112 Laetemur
1225 1081 1260 1111 in
1285 1078 1398 1119 gloria.

250 1144 336 1173 Miss.
358 1153 412 1172 ms.
434 1145 647 1174 Nobiliacense
667 1154 743 1174 saec.
770 1144 814 1174 15.
835 1145 907 1173 Cod.
927 1144 1135 1182 Burdigalens.
1165 1142 1203 1173 39.

592 1238 659 1270 288.
699 1239 745 1271 De
765 1239 878 1272 sancta
897 1239 1090 1271 Katharina.

173 1309 230 1342 la.
257 1309 337 1342 Flos
364 1309 470 1350 campi
494 1311 614 1344 mundo
639 1308 749 1343 floruit
872 1311 929 1344 1b.
954 1311 1034 1344 Flos
1064 1311 1105 1343 de
1130 1311 1277 1344 convalle
1301 1310 1427 1351 prodiit

306 1359 346 1391 In
373 1357 426 1391 die
450 1358 619 1401 hodierna,
1001 1360 1192 1392 Ascendens
1218 1360 1262 1392 ad
1286 1367 1438 1399 superna.

171 1416 228 1449 2a.
257 1415 451 1457 Katharina,
478 1414 538 1449 flos
563 1417 734 1461 virginum,
869 1417 929 1452 2b.
950 1418 1072 1450 Rosam
1096 1420 1225 1458 gestans
1252 1420 1286 1449 et
1309 1416 1414 1449 lilium

302 1464 427 1505 Migrat
451 1463 523 1498 fuso
550 1474 674 1509 cruore,
1000 1466 1160 1499 Mundum
1185 1466 1293 1506 replet
1317 1465 1427 1499 odore.

170 1523 228 1556 3a.
255 1523 348 1555 Haec
370 1522 472 1563 regali
869 1523 928 1559 3b.
953 1523 1032 1557 Sese
1056 1532 1212 1564 spernens

301 1573 379 1603 nata
402 1572 568 1613 prosapia,
1002 1582 1074 1606 cum
1100 1581 1208 1605 rerum
1233 1580 1351 1616 aggere

252 1619 357 1651 Deum
382 1627 518 1660 sequens
950 1621 1074 1654 Stolam
1098 1621 1182 1654 lavit

300 1667 434 1709 reliquit
456 1669 572 1703 omnia.
999 1670 1033 1703 in
1058 1670 1134 1710 agni
1159 1670 1323 1711 sanguine.

169 1726 228 1759 4a.
256 1726 387 1766 Agnum
412 1733 549 1765 sequens
867 1727 930 1762 41).
952 1727 1033 1760 Veri
1056 1727 1134 1759 solis

304 1782 458 1814 sponsum
482 1774 663 1816 virgineum
1001 1776 1116 1808 stricta
1141 1774 1362 1816 complexibus

251 1821 306 1854 Illi
326 1825 436 1855 sacrat
951 1824 1079 1856 Lunam
1103 1824 1204 1856 habet

301 1879 431 1904 earnem
459 1874 492 1903 et
515 1871 676 1912 spiritum.
1001 1875 1138 1905 stratam
1163 1872 1223 1905 sub
1249 1872 1399 1914 pedibus.

167 1930 224 1963 59..
249 1929 426 1963 Exsultent
448 1929 528 1963 inde
550 1929 639 1964 filiae
868 1931 929 1965 sb.
951 1932 1066 1965 Annos
1091 1934 1125 1963 et
1149 1941 1261 1965 sexum
1287 1935 1431 1974 superat,

253 1978 327 2010 Vim
351 1979 506 2012 mirantes
530 1979 564 2012 in
589 1979 725 2022 virgine,
949 1979 1035 2013 Dum
1060 1980 1158 2014 decus
1180 1990 1306 2014 morum
1330 1981 1465 2014 roborat

300 2027 372 2060 Viri
396 2027 483 2060 vires
509 2029 544 2060 in
570 2027 701 2064 femina.
998 2030 1038 2062 In
1064 2029 1163 2062 animi
1187 2030 1377 2063 constantia.

165 2085 223 2120 oa.
250 2085 418 2126 Inspirata
866 2087 926 2122 6b.
949 2088 1113 2129 Agonizat

295 2133 409 2167 afflatu
435 2135 581 2177 spiritus,
999 2146 1071 2169 cum
1096 2137 1167 2170 viro
1189 2135 1320 2178 femina,

251 2182 312 2223 Qui
339 2183 456 2216 emittit
949 2186 1078 2227 Pugnat
1099 2185 1150 2218 leo

298 2230 423 2265 fontem
450 2232 662 2272 convallibuS,
999 2243 1070 2267 cum
1096 2244 1181 2276 agna
1204 2238 1328 2268 tenera.

163 2292 220 2326 7a.
247 2290 328 2324 Post
354 2290 527 2324 Caesarem
865 2293 926 2327 Ἡ).
951 2292 1016 2326 Sed
1040 2296 1167 2326 armata

294 2340 458 2382 sophistas
486 2339 633 2373 Caesaris
997 2345 1062 2375 stat
1091 2343 1262 2386 sapientia,

246 2389 374 2423 Reddit
397 2389 502 2422 victos
946 2390 1132 2425 Fortiorem

294 2439 413 2495 verbis·
430 2438 628 2480 sophisticis¹
997 2440 1077 2474 vicit
1100 2441 1247 2476 invalida
