<?xml version="1.0" encoding="UTF-8"?>
<!DOCTYPE html PUBLIC "-//W3C//DTD XHTML 1.0 Transitional//EN"
    "http://www.w3.org/TR/xhtml1/DTD/xhtml1-transitional.dtd">
<html xmlns="http://www.w3.org/1999/xhtml" xml:lang="en" lang="en">
 <head>
  <title>
</title>
<meta http-equiv="Content-Type" content="text/html;charset=utf-8" />
  <meta name='ocr-system' content='tesseract 3.04.00' />
  <meta name='ocr-capabilities' content='ocr_page ocr_carea ocr_par ocr_line ocrx_word'/>
</head>
<body>
  <div class='ocr_page' id='page_1' title='image "./analectahymnica10drevuoft_00329.png"; bbox 0 0 1652 2678; ppageno 0'>
   <div class='ocr_carea' id='block_1_1' title="bbox 190 400 249 432">
    <p class='ocr_par' dir='ltr' id='par_1_1' title="bbox 190 400 249 432">
     <span class='ocr_line' id='line_1_1' title="bbox 190 400 249 432; baseline -0.017 0"><span class='ocrx_word' id='word_1_1' title='bbox 190 400 249 432; x_wconf 61' lang='lat'><strong>222.</strong></span> 
     </span>
    </p>
   </div>
   <div class='ocr_carea' id='block_1_2' title="bbox 193 505 249 538">
    <p class='ocr_par' dir='ltr' id='par_1_2' title="bbox 193 505 249 538">
     <span class='ocr_line' id='line_1_2' title="bbox 193 505 249 538; baseline -0.036 0"><span class='ocrx_word' id='word_1_2' title='bbox 193 505 249 538; x_wconf 78' lang='lat' dir='ltr'><strong>3a.</strong></span> 
     </span>
    </p>
   </div>
   <div class='ocr_carea' id='block_1_3' title="bbox 193 657 251 689">
    <p class='ocr_par' dir='ltr' id='par_1_3' title="bbox 193 657 251 689">
     <span class='ocr_line' id='line_1_3' title="bbox 193 657 251 689; baseline 0 0"><span class='ocrx_word' id='word_1_3' title='bbox 193 657 251 689; x_wconf 73' lang='grc' dir='ltr'><strong>4ο..</strong></span> 
     </span>
    </p>
   </div>
   <div class='ocr_carea' id='block_1_4' title="bbox 198 810 257 843">
    <p class='ocr_par' dir='ltr' id='par_1_4' title="bbox 198 810 257 843">
     <span class='ocr_line' id='line_1_4' title="bbox 198 810 257 843; baseline 0 -1"><span class='ocrx_word' id='word_1_4' title='bbox 198 810 257 843; x_wconf 82' lang='lat' dir='ltr'><strong>5a.</strong></span> 
     </span>
    </p>
   </div>
   <div class='ocr_carea' id='block_1_5' title="bbox 202 1060 259 1092">
    <p class='ocr_par' dir='ltr' id='par_1_5' title="bbox 202 1060 259 1092">
     <span class='ocr_line' id='line_1_5' title="bbox 202 1060 259 1092; baseline -0.018 0"><span class='ocrx_word' id='word_1_5' title='bbox 202 1060 259 1092; x_wconf 74' lang='lat' dir='ltr'><strong>Ga.</strong></span> 
     </span>
    </p>
   </div>
   <div class='ocr_carea' id='block_1_6' title="bbox 206 1261 263 1293">
    <p class='ocr_par' dir='ltr' id='par_1_6' title="bbox 206 1261 263 1293">
     <span class='ocr_line' id='line_1_6' title="bbox 206 1261 263 1293; baseline -0.018 0"><span class='ocrx_word' id='word_1_6' title='bbox 206 1261 263 1293; x_wconf 81' lang='lat' dir='ltr'><strong>7a.</strong></span> 
     </span>
    </p>
   </div>
   <div class='ocr_carea' id='block_1_7' title="bbox 213 1557 269 1590">
    <p class='ocr_par' dir='ltr' id='par_1_7' title="bbox 213 1557 269 1590">
     <span class='ocr_line' id='line_1_7' title="bbox 213 1557 269 1590; baseline -0.018 0"><span class='ocrx_word' id='word_1_7' title='bbox 213 1557 269 1590; x_wconf 78' lang='lat' dir='ltr'><strong>Sa.</strong></span> 
     </span>
    </p>
   </div>
   <div class='ocr_carea' id='block_1_8' title="bbox 213 1711 270 1743">
    <p class='ocr_par' dir='ltr' id='par_1_8' title="bbox 213 1711 270 1743">
     <span class='ocr_line' id='line_1_8' title="bbox 213 1711 270 1743; baseline -0.018 0"><span class='ocrx_word' id='word_1_8' title='bbox 213 1711 270 1743; x_wconf 68' lang='lat'><strong>92..</strong></span> 
     </span>
    </p>
   </div>
   <div class='ocr_carea' id='block_1_9' title="bbox 732 53 974 89">
    <p class='ocr_par' dir='ltr' id='par_1_9' title="bbox 732 53 974 89">
     <span class='ocr_line' id='line_1_9' title="bbox 732 53 974 89; baseline -0.012 0"><span class='ocrx_word' id='word_1_9' title='bbox 732 53 874 89; x_wconf 35' lang='lat'><strong>§326</strong></span> <span class='ocrx_word' id='word_1_10' title='bbox 925 72 974 78; x_wconf 83' lang='lat'><strong>-—</strong></span> 
     </span>
    </p>
   </div>
   <div class='ocr_carea' id='block_1_10' title="bbox 629 143 1081 181">
    <p class='ocr_par' dir='ltr' id='par_1_10' title="bbox 629 143 1081 181">
     <span class='ocr_line' id='line_1_10' title="bbox 629 143 1081 181; baseline -0.015 0"><span class='ocrx_word' id='word_1_11' title='bbox 629 148 694 181; x_wconf 80' lang='lat'>431.</span> <span class='ocrx_word' id='word_1_12' title='bbox 736 147 782 179; x_wconf 85' lang='lat' dir='ltr'><strong>De</strong></span> <span class='ocrx_word' id='word_1_13' title='bbox 801 146 910 178; x_wconf 76' lang='lat' dir='ltr'><strong>sancto</strong></span> <span class='ocrx_word' id='word_1_14' title='bbox 931 143 1081 176; x_wconf 76' lang='lat' dir='ltr'><strong>Vedasto.</strong></span> 
     </span>
    </p>
   </div>
   <div class='ocr_carea' id='block_1_11' title="bbox 765 212 943 246">
    <p class='ocr_par' dir='ltr' id='par_1_11' title="bbox 765 212 943 246">
     <span class='ocr_line' id='line_1_11' title="bbox 765 212 943 246; baseline -0.017 0"><span class='ocrx_word' id='word_1_15' title='bbox 765 215 801 246; x_wconf 77' lang='lat' dir='ltr'><strong>In</strong></span> <span class='ocrx_word' id='word_1_16' title='bbox 823 212 943 244; x_wconf 84' lang='lat' dir='ltr'><strong>Octava.</strong></span> 
     </span>
    </p>
   </div>
   <div class='ocr_carea' id='block_1_12' title="bbox 627 283 1091 368">
    <p class='ocr_par' dir='ltr' id='par_1_12' title="bbox 627 283 1091 368">
     <span class='ocr_line' id='line_1_12' title="bbox 627 283 1005 321; baseline -0.016 0"><span class='ocrx_word' id='word_1_17' title='bbox 627 288 659 321; x_wconf 82' lang='lat'><strong>1.</strong></span> <span class='ocrx_word' id='word_1_18' title='bbox 688 286 819 320; x_wconf 82' lang='lat' dir='ltr'><strong>Christo</strong></span> <span class='ocrx_word' id='word_1_19' title='bbox 843 283 1005 317; x_wconf 76' lang='lat' dir='ltr'><strong>hodierna</strong></span> 
     </span>
     <span class='ocr_line' id='line_1_13' title="bbox 685 330 1091 368; baseline -0.01 -1"><span class='ocrx_word' id='word_1_20' title='bbox 685 332 905 368; x_wconf 68' lang='lat' dir='ltr'><strong>sacrificemus</strong></span> <span class='ocrx_word' id='word_1_21' title='bbox 924 330 1091 364; x_wconf 69' lang='lat' dir='ltr'><strong>solemnia.</strong></span> 
     </span>
    </p>
   </div>
   <div class='ocr_carea' id='block_1_13' title="bbox 274 393 698 477">
    <p class='ocr_par' dir='ltr' id='par_1_13' title="bbox 274 393 698 477">
     <span class='ocr_line' id='line_1_14' title="bbox 275 393 656 437; baseline -0.013 -8"><span class='ocrx_word' id='word_1_22' title='bbox 275 397 385 437; x_wconf 84' lang='lat' dir='ltr'><strong>Atque</strong></span> <span class='ocrx_word' id='word_1_23' title='bbox 409 404 483 427; x_wconf 83' lang='lat' dir='ltr'><strong>suas</strong></span> <span class='ocrx_word' id='word_1_24' title='bbox 507 393 656 426; x_wconf 77' lang='lat' dir='ltr'><strong>victimas</strong></span> 
     </span>
     <span class='ocr_line' id='line_1_15' title="bbox 274 440 698 477; baseline -0.007 0"><span class='ocrx_word' id='word_1_25' title='bbox 274 447 387 477; x_wconf 79' lang='lat' dir='ltr'><strong>nostra</strong></span> <span class='ocrx_word' id='word_1_26' title='bbox 409 442 577 475; x_wconf 81' lang='lat' dir='ltr'><strong>immolent</strong></span> <span class='ocrx_word' id='word_1_27' title='bbox 598 440 698 474; x_wconf 81' lang='lat' dir='ltr'><strong>labia.</strong></span> 
     </span>
    </p>
   </div>
   <div class='ocr_carea' id='block_1_14' title="bbox 275 501 758 637">
    <p class='ocr_par' dir='ltr' id='par_1_14' title="bbox 275 501 758 637">
     <span class='ocr_line' id='line_1_16' title="bbox 277 501 498 541; baseline -0.014 -7"><span class='ocrx_word' id='word_1_28' title='bbox 277 501 357 534; x_wconf 81' lang='lat' dir='ltr'><strong>Cum</strong></span> <span class='ocrx_word' id='word_1_29' title='bbox 381 509 498 541; x_wconf 76' lang='lat' dir='ltr'><strong>magna</strong></span> 
     </span>
     <span class='ocr_line' id='line_1_17' title="bbox 275 547 555 582; baseline -0.011 0"><span class='ocrx_word' id='word_1_30' title='bbox 275 548 394 582; x_wconf 77' lang='lat' dir='ltr'><strong>merita</strong></span> <span class='ocrx_word' id='word_1_31' title='bbox 418 547 555 580; x_wconf 75' lang='lat' dir='ltr'>vedasti</span> 
     </span>
     <span class='ocr_line' id='line_1_18' title="bbox 277 594 758 637; baseline -0.008 -8"><span class='ocrx_word' id='word_1_32' title='bbox 277 598 389 629; x_wconf 82' lang='lat' dir='ltr'><strong>nostra</strong></span> <span class='ocrx_word' id='word_1_33' title='bbox 414 595 580 628; x_wconf 81' lang='lat' dir='ltr'><strong>celebrent</strong></span> <span class='ocrx_word' id='word_1_34' title='bbox 606 594 758 637; x_wconf 80' lang='lat' dir='ltr'><strong>carmina,</strong></span> 
     </span>
    </p>
   </div>
   <div class='ocr_carea' id='block_1_15' title="bbox 276 653 631 790">
    <p class='ocr_par' dir='ltr' id='par_1_15' title="bbox 276 653 631 790">
     <span class='ocr_line' id='line_1_19' title="bbox 276 653 631 693; baseline -0.008 -5"><span class='ocrx_word' id='word_1_35' title='bbox 276 653 446 688; x_wconf 75' lang='lat' dir='ltr'><strong>Miraculis</strong></span> <span class='ocrx_word' id='word_1_36' title='bbox 471 654 507 685; x_wconf 87' lang='lat' dir='ltr'><strong>iu</strong></span> <span class='ocrx_word' id='word_1_37' title='bbox 531 656 631 693; x_wconf 78' lang='lat' dir='ltr'><strong>terra,</strong></span> 
     </span>
     <span class='ocr_line' id='line_1_20' title="bbox 277 701 426 735; baseline -0.007 0"><span class='ocrx_word' id='word_1_38' title='bbox 277 703 312 735; x_wconf 90' lang='lat' dir='ltr'><strong>in</strong></span> <span class='ocrx_word' id='word_1_39' title='bbox 338 701 426 734; x_wconf 86' lang='lat' dir='ltr'><strong>coelo</strong></span> 
     </span>
     <span class='ocr_line' id='line_1_21' title="bbox 279 750 585 790; baseline -0.003 -8"><span class='ocrx_word' id='word_1_40' title='bbox 279 751 446 783; x_wconf 83' lang='lat' dir='ltr'><strong>beatorum</strong></span> <span class='ocrx_word' id='word_1_41' title='bbox 471 750 585 790; x_wconf 84' lang='lat' dir='ltr'><strong>gloria,</strong></span> 
     </span>
    </p>
   </div>
   <div class='ocr_carea' id='block_1_16' title="bbox 282 806 742 1039">
    <p class='ocr_par' dir='ltr' id='par_1_16' title="bbox 282 806 742 1039">
     <span class='ocr_line' id='line_1_22' title="bbox 282 806 692 849; baseline -0.01 -8"><span class='ocrx_word' id='word_1_42' title='bbox 282 807 371 849; x_wconf 84' lang='lat' dir='ltr'><strong>Ergo</strong></span> <span class='ocrx_word' id='word_1_43' title='bbox 397 806 597 840; x_wconf 81' lang='lat' dir='ltr'><strong>Francorum</strong></span> <span class='ocrx_word' id='word_1_44' title='bbox 621 807 692 848; x_wconf 84' lang='lat' dir='ltr'><strong>regi</strong></span> 
     </span>
     <span class='ocr_line' id='line_1_23' title="bbox 283 854 656 888; baseline -0.003 0"><span class='ocrx_word' id='word_1_45' title='bbox 283 864 388 888; x_wconf 83' lang='lat' dir='ltr'><strong>comes</strong></span> <span class='ocrx_word' id='word_1_46' title='bbox 412 854 518 888; x_wconf 82' lang='lat' dir='ltr'><strong>factus</strong></span> <span class='ocrx_word' id='word_1_47' title='bbox 542 855 577 887; x_wconf 88' lang='lat' dir='ltr'><strong>in</strong></span> <span class='ocrx_word' id='word_1_48' title='bbox 603 854 656 888; x_wconf 83' lang='lat' dir='ltr'><strong>via</strong></span> 
     </span>
     <span class='ocr_line' id='line_1_24' title="bbox 285 901 681 944; baseline -0.003 -8"><span class='ocrx_word' id='word_1_49' title='bbox 285 903 387 936; x_wconf 79' lang='lat' dir='ltr'><strong>Caeco</strong></span> <span class='ocrx_word' id='word_1_50' title='bbox 411 903 503 944; x_wconf 86' lang='lat' dir='ltr'><strong>puris</strong></span> <span class='ocrx_word' id='word_1_51' title='bbox 529 901 681 943; x_wconf 81' lang='lat' dir='ltr'>precibus</span> 
     </span>
     <span class='ocr_line' id='line_1_25' title="bbox 284 951 620 985; baseline -0.003 0"><span class='ocrx_word' id='word_1_52' title='bbox 284 951 409 985; x_wconf 72' lang='lat' dir='ltr'><strong>obtinet</strong></span> <span class='ocrx_word' id='word_1_53' title='bbox 430 952 513 984; x_wconf 80' lang='lat' dir='ltr'><strong>lucis</strong></span> <span class='ocrx_word' id='word_1_54' title='bbox 533 951 620 984; x_wconf 87' lang='lat' dir='ltr'><strong>bona</strong></span> 
     </span>
     <span class='ocr_line' id='line_1_26' title="bbox 284 999 742 1039; baseline 0 -7"><span class='ocrx_word' id='word_1_55' title='bbox 284 1000 457 1033; x_wconf 84' lang='lat' dir='ltr'><strong>ostendens</strong></span> <span class='ocrx_word' id='word_1_56' title='bbox 481 999 546 1031; x_wconf 84' lang='lat' dir='ltr'><strong>Dei</strong></span> <span class='ocrx_word' id='word_1_57' title='bbox 569 999 742 1039; x_wconf 80' lang='lat' dir='ltr'><strong>magnalia.</strong></span> 
     </span>
    </p>
   </div>
   <div class='ocr_carea' id='block_1_17' title="bbox 284 1058 707 1242">
    <p class='ocr_par' dir='ltr' id='par_1_17' title="bbox 284 1058 479 1090">
     <span class='ocr_line' id='line_1_27' title="bbox 284 1058 479 1090; baseline -0.005 -1"><span class='ocrx_word' id='word_1_58' title='bbox 284 1058 479 1090; x_wconf 82' lang='lat' dir='ltr'><strong>Attrebatae</strong></span> 
     </span>
    </p>

    <p class='ocr_par' dir='ltr' id='par_1_18' title="bbox 286 1105 664 1186">
     <span class='ocr_line' id='line_1_28' title="bbox 288 1105 664 1146; baseline 0 -8"><span class='ocrx_word' id='word_1_59' title='bbox 288 1105 363 1138; x_wconf 78' lang='lat' dir='ltr'><strong>dum</strong></span> <span class='ocrx_word' id='word_1_60' title='bbox 386 1106 527 1146; x_wconf 85' lang='lat' dir='ltr'><strong>primum</strong></span> <span class='ocrx_word' id='word_1_61' title='bbox 550 1109 664 1146; x_wconf 80' lang='lat' dir='ltr'><strong>portas</strong></span> 
     </span>
     <span class='ocr_line' id='line_1_29' title="bbox 286 1151 554 1186; baseline -0.004 -1"><span class='ocrx_word' id='word_1_62' title='bbox 286 1151 427 1186; x_wconf 75' lang='lat' dir='ltr'>feliciter</span> <span class='ocrx_word' id='word_1_63' title='bbox 450 1154 554 1185; x_wconf 80' lang='lat' dir='ltr'><strong>intrat</strong></span> 
     </span>
    </p>

    <p class='ocr_par' dir='ltr' id='par_1_19' title="bbox 290 1200 707 1242">
     <span class='ocr_line' id='line_1_30' title="bbox 290 1200 707 1242; baseline 0 -8"><span class='ocrx_word' id='word_1_64' title='bbox 290 1201 401 1234; x_wconf 79' lang='lat' dir='ltr'><strong>divina</strong></span> <span class='ocrx_word' id='word_1_65' title='bbox 426 1200 569 1233; x_wconf 81' lang='lat' dir='ltr'><strong>facturus</strong></span> <span class='ocrx_word' id='word_1_66' title='bbox 596 1209 707 1242; x_wconf 82' lang='lat' dir='ltr'><strong>opera,</strong></span> 
     </span>
    </p>
   </div>
   <div class='ocr_carea' id='block_1_18' title="bbox 288 1256 754 1539">
    <p class='ocr_par' dir='ltr' id='par_1_20' title="bbox 288 1256 711 1346">
     <span class='ocr_line' id='line_1_31' title="bbox 288 1256 711 1292; baseline -0.002 -1"><span class='ocrx_word' id='word_1_67' title='bbox 288 1256 439 1292; x_wconf 81' lang='lat' dir='ltr'><strong>Profanis</strong></span> <span class='ocrx_word' id='word_1_68' title='bbox 464 1258 566 1290; x_wconf 73' lang='lat' dir='ltr'><strong>sacris</strong></span> <span class='ocrx_word' id='word_1_69' title='bbox 590 1256 711 1291; x_wconf 80' lang='lat' dir='ltr'><strong>infecto</strong></span> 
     </span>
     <span class='ocr_line' id='line_1_32' title="bbox 291 1306 508 1346; baseline -0.009 -7"><span class='ocrx_word' id='word_1_70' title='bbox 291 1306 366 1339; x_wconf 86' lang='lat' dir='ltr'><strong>dum</strong></span> <span class='ocrx_word' id='word_1_71' title='bbox 389 1306 508 1346; x_wconf 87' lang='lat' dir='ltr'><strong>liquori</strong></span> 
     </span>
    </p>

    <p class='ocr_par' dir='ltr' id='par_1_21' title="bbox 293 1354 517 1394">
     <span class='ocr_line' id='line_1_33' title="bbox 293 1354 517 1394; baseline -0.009 -7"><span class='ocrx_word' id='word_1_72' title='bbox 293 1354 396 1387; x_wconf 78' lang='lat' dir='ltr'><strong>crucis</strong></span> <span class='ocrx_word' id='word_1_73' title='bbox 426 1354 517 1394; x_wconf 82' lang='lat' dir='ltr'><strong>signa</strong></span> 
     </span>
    </p>

    <p class='ocr_par' dir='ltr' id='par_1_22' title="bbox 292 1400 754 1539">
     <span class='ocr_line' id='line_1_34' title="bbox 294 1400 647 1441; baseline -0.011 -5"><span class='ocrx_word' id='word_1_74' title='bbox 294 1402 384 1436; x_wconf 85' lang='lat' dir='ltr'><strong>dedit</strong></span> <span class='ocrx_word' id='word_1_75' title='bbox 411 1401 535 1441; x_wconf 81' lang='lat' dir='ltr'><strong>dextra,</strong></span> <span class='ocrx_word' id='word_1_76' title='bbox 563 1400 647 1441; x_wconf 79' lang='lat' dir='ltr'><strong>fugit</strong></span> 
     </span>
     <span class='ocr_line' id='line_1_35' title="bbox 292 1449 754 1493; baseline 0 -11"><span class='ocrx_word' id='word_1_77' title='bbox 292 1450 404 1493; x_wconf 85' lang='lat' dir='ltr'><strong>pestis,</strong></span> <span class='ocrx_word' id='word_1_78' title='bbox 433 1449 652 1482; x_wconf 85' lang='lat' dir='ltr'><strong>dissolvuntur</strong></span> <span class='ocrx_word' id='word_1_79' title='bbox 676 1458 754 1482; x_wconf 81' lang='lat' dir='ltr'><strong>vasa</strong></span> 
     </span>
     <span class='ocr_line' id='line_1_36' title="bbox 292 1498 437 1539; baseline 0.007 -9"><span class='ocrx_word' id='word_1_80' title='bbox 292 1498 437 1539; x_wconf 82' lang='lat' dir='ltr'><strong>gravida.</strong></span> 
     </span>
    </p>
   </div>
   <div class='ocr_carea' id='block_1_19' title="bbox 296 1554 593 1692">
    <p class='ocr_par' dir='ltr' id='par_1_23' title="bbox 296 1554 593 1692">
     <span class='ocr_line' id='line_1_37' title="bbox 298 1554 593 1596; baseline -0.003 -8"><span class='ocrx_word' id='word_1_81' title='bbox 298 1555 422 1589; x_wconf 86' lang='lat' dir='ltr'><strong>Chorus</strong></span> <span class='ocrx_word' id='word_1_82' title='bbox 446 1554 593 1596; x_wconf 84' lang='lat' dir='ltr'><strong>lugubris</strong></span> 
     </span>
     <span class='ocr_line' id='line_1_38' title="bbox 296 1606 503 1645; baseline -0.005 -9"><span class='ocrx_word' id='word_1_83' title='bbox 296 1606 422 1645; x_wconf 81' lang='lat' dir='ltr'><strong>patrem</strong></span> <span class='ocrx_word' id='word_1_84' title='bbox 447 1613 503 1644; x_wconf 79' lang='lat' dir='ltr'><strong>pia</strong></span> 
     </span>
     <span class='ocr_line' id='line_1_39' title="bbox 299 1650 593 1692; baseline -0.003 -7"><span class='ocrx_word' id='word_1_85' title='bbox 299 1650 426 1685; x_wconf 77' lang='lat' dir='ltr'><strong>deflerit</strong></span> <span class='ocrx_word' id='word_1_86' title='bbox 447 1652 593 1692; x_wconf 76' lang='lat' dir='ltr'><strong>lacrima,</strong></span> 
     </span>
    </p>
   </div>
   <div class='ocr_carea' id='block_1_20' title="bbox 296 1709 754 1791">
    <p class='ocr_par' dir='ltr' id='par_1_24' title="bbox 296 1709 754 1791">
     <span class='ocr_line' id='line_1_40' title="bbox 296 1709 754 1750; baseline -0.002 -8"><span class='ocrx_word' id='word_1_87' title='bbox 296 1709 450 1743; x_wconf 81' lang='lat' dir='ltr'>Sublimis</span> <span class='ocrx_word' id='word_1_88' title='bbox 475 1709 617 1750; x_wconf 78' lang='lat' dir='ltr'><strong>praesul,</strong></span> <span class='ocrx_word' id='word_1_89' title='bbox 644 1717 754 1742; x_wconf 84' lang='lat' dir='ltr'><strong>servos</strong></span> 
     </span>
     <span class='ocr_line' id='line_1_41' title="bbox 296 1757 556 1791; baseline -0.004 -1"><span class='ocrx_word' id='word_1_90' title='bbox 296 1757 434 1791; x_wconf 73' lang='lat' dir='ltr'><strong>humiles</strong></span> <span class='ocrx_word' id='word_1_91' title='bbox 458 1757 556 1790; x_wconf 76' lang='lat' dir='ltr'><strong>visita</strong></span> 
     </span>
    </p>
   </div>
   <div class='ocr_carea' id='block_1_21' title="bbox 887 389 948 424">
    <p class='ocr_par' dir='ltr' id='par_1_25' title="bbox 887 389 948 424">
     <span class='ocr_line' id='line_1_42' title="bbox 887 389 948 424; baseline 0.033 -3"><span class='ocrx_word' id='word_1_92' title='bbox 887 389 948 424; x_wconf 86' lang='lat' dir='ltr'><strong>2b.</strong></span> 
     </span>
    </p>
   </div>
   <div class='ocr_carea' id='block_1_22' title="bbox 889 494 949 529">
    <p class='ocr_par' dir='ltr' id='par_1_26' title="bbox 889 494 949 529">
     <span class='ocr_line' id='line_1_43' title="bbox 889 494 949 529; baseline -0.017 0"><span class='ocrx_word' id='word_1_93' title='bbox 889 494 949 529; x_wconf 82' lang='lat' dir='ltr'><strong>3b.</strong></span> 
     </span>
    </p>
   </div>
   <div class='ocr_carea' id='block_1_23' title="bbox 892 649 952 683">
    <p class='ocr_par' dir='ltr' id='par_1_27' title="bbox 892 649 952 683">
     <span class='ocr_line' id='line_1_44' title="bbox 892 649 952 683; baseline 0 0"><span class='ocrx_word' id='word_1_94' title='bbox 892 649 952 683; x_wconf 82' lang='lat' dir='ltr'><strong>4b.</strong></span> 
     </span>
    </p>
   </div>
   <div class='ocr_carea' id='block_1_24' title="bbox 894 804 955 839">
    <p class='ocr_par' dir='ltr' id='par_1_28' title="bbox 894 804 955 839">
     <span class='ocr_line' id='line_1_45' title="bbox 894 804 955 839; baseline 0 -1"><span class='ocrx_word' id='word_1_95' title='bbox 894 804 955 839; x_wconf 88' lang='lat' dir='ltr'><strong>5b.</strong></span> 
     </span>
    </p>
   </div>
   <div class='ocr_carea' id='block_1_25' title="bbox 899 1055 958 1089">
    <p class='ocr_par' dir='ltr' id='par_1_29' title="bbox 899 1055 958 1089">
     <span class='ocr_line' id='line_1_46' title="bbox 899 1055 958 1089; baseline 0 0"><span class='ocrx_word' id='word_1_96' title='bbox 899 1055 958 1089; x_wconf 72' lang='lat' dir='ltr'><strong>ob.</strong></span> 
     </span>
    </p>
   </div>
   <div class='ocr_carea' id='block_1_26' title="bbox 901 1257 962 1291">
    <p class='ocr_par' dir='ltr' id='par_1_30' title="bbox 901 1257 962 1291">
     <span class='ocr_line' id='line_1_47' title="bbox 901 1257 962 1291; baseline 0 0"><span class='ocrx_word' id='word_1_97' title='bbox 901 1257 962 1291; x_wconf 78' lang='lat' dir='ltr'><strong>7b.</strong></span> 
     </span>
    </p>
   </div>
   <div class='ocr_carea' id='block_1_27' title="bbox 907 1555 969 1591">
    <p class='ocr_par' dir='ltr' id='par_1_31' title="bbox 907 1555 969 1591">
     <span class='ocr_line' id='line_1_48' title="bbox 907 1555 969 1591; baseline 0.016 -2"><span class='ocrx_word' id='word_1_98' title='bbox 907 1555 969 1591; x_wconf 87' lang='lat' dir='ltr'><strong>8b.</strong></span> 
     </span>
    </p>
   </div>
   <div class='ocr_carea' id='block_1_28' title="bbox 908 1709 968 1744">
    <p class='ocr_par' dir='ltr' id='par_1_32' title="bbox 908 1709 968 1744">
     <span class='ocr_line' id='line_1_49' title="bbox 908 1709 968 1744; baseline -0.033 0"><span class='ocrx_word' id='word_1_99' title='bbox 908 1709 968 1744; x_wconf 77' lang='lat'><strong>9⁷0.</strong></span> 
     </span>
    </p>
   </div>
   <div class='ocr_carea' id='block_1_29' title="bbox 970 386 1288 473">
    <p class='ocr_par' dir='ltr' id='par_1_33' title="bbox 970 386 1288 473">
     <span class='ocr_line' id='line_1_50' title="bbox 970 386 1259 422; baseline -0.017 0"><span class='ocrx_word' id='word_1_100' title='bbox 970 387 1115 422; x_wconf 82' lang='lat' dir='ltr'><strong>Intentio</strong></span> <span class='ocrx_word' id='word_1_101' title='bbox 1140 386 1259 420; x_wconf 75' lang='lat' dir='ltr'><strong>devota</strong></span> 
     </span>
     <span class='ocr_line' id='line_1_51' title="bbox 973 434 1288 473; baseline -0.01 -4"><span class='ocrx_word' id='word_1_102' title='bbox 973 434 1128 469; x_wconf 80' lang='lat' dir='ltr'><strong>sacrificii</strong></span> <span class='ocrx_word' id='word_1_103' title='bbox 1151 434 1195 467; x_wconf 84' lang='lat' dir='ltr'><strong>sit</strong></span> <span class='ocrx_word' id='word_1_104' title='bbox 1220 442 1288 473; x_wconf 78' lang='lat' dir='ltr'><strong>ara,</strong></span> 
     </span>
    </p>
   </div>
   <div class='ocr_carea' id='block_1_30' title="bbox 973 492 1429 624">
    <p class='ocr_par' dir='ltr' id='par_1_34' title="bbox 973 492 1429 624">
     <span class='ocr_line' id='line_1_52' title="bbox 973 492 1190 534; baseline -0.009 -8"><span class='ocrx_word' id='word_1_105' title='bbox 973 495 1075 534; x_wconf 81' lang='lat' dir='ltr'><strong>Quem</strong></span> <span class='ocrx_word' id='word_1_106' title='bbox 1100 492 1190 525; x_wconf 82' lang='lat' dir='ltr'><strong>coelo</strong></span> 
     </span>
     <span class='ocr_line' id='line_1_53' title="bbox 974 542 1290 582; baseline -0.013 -7"><span class='ocrx_word' id='word_1_107' title='bbox 974 546 1126 582; x_wconf 85' lang='lat' dir='ltr'><strong>terraque</strong></span> <span class='ocrx_word' id='word_1_108' title='bbox 1151 542 1290 573; x_wconf 82' lang='lat' dir='ltr'><strong>honorat</strong></span> 
     </span>
     <span class='ocr_line' id='line_1_54' title="bbox 974 588 1429 624; baseline -0.011 0"><span class='ocrx_word' id='word_1_109' title='bbox 974 592 1064 624; x_wconf 85' lang='lat' dir='ltr'><strong>Deus</strong></span> <span class='ocrx_word' id='word_1_110' title='bbox 1089 592 1202 622; x_wconf 89' lang='lat' dir='ltr'><strong>noster</strong></span> <span class='ocrx_word' id='word_1_111' title='bbox 1226 591 1259 620; x_wconf 82' lang='lat' dir='ltr'><strong>et,</strong></span> <span class='ocrx_word' id='word_1_112' title='bbox 1285 588 1429 620; x_wconf 74' lang='lat' dir='ltr'><strong>exaltat:</strong></span> 
     </span>
    </p>
   </div>
   <div class='ocr_carea' id='block_1_31' title="bbox 972 646 1392 784">
    <p class='ocr_par' dir='ltr' id='par_1_35' title="bbox 972 646 1392 784">
     <span class='ocr_line' id='line_1_55' title="bbox 972 646 1392 686; baseline -0.01 -5"><span class='ocrx_word' id='word_1_113' title='bbox 972 648 1038 682; x_wconf 82' lang='lat' dir='ltr'><strong>Hic</strong></span> <span class='ocrx_word' id='word_1_114' title='bbox 1063 655 1228 681; x_wconf 85' lang='lat' dir='ltr'><strong>servorum</strong></span> <span class='ocrx_word' id='word_1_115' title='bbox 1256 646 1392 686; x_wconf 81' lang='lat' dir='ltr'><strong>cultura,</strong></span> 
     </span>
     <span class='ocr_line' id='line_1_56' title="bbox 974 697 1124 730; baseline -0.013 0"><span class='ocrx_word' id='word_1_116' title='bbox 974 698 1008 730; x_wconf 87' lang='lat' dir='ltr'><strong>in</strong></span> <span class='ocrx_word' id='word_1_117' title='bbox 1034 697 1124 729; x_wconf 85' lang='lat' dir='ltr'><strong>coelo</strong></span> 
     </span>
     <span class='ocr_line' id='line_1_57' title="bbox 977 742 1381 784; baseline -0.005 -6"><span class='ocrx_word' id='word_1_118' title='bbox 977 747 1163 778; x_wconf 70' lang='lat' dir='ltr'><strong>sanctorum</strong></span> <span class='ocrx_word' id='word_1_119' title='bbox 1188 742 1381 784; x_wconf 80' lang='lat' dir='ltr'><strong>frequentia.</strong></span> 
     </span>
    </p>
   </div>
   <div class='ocr_carea' id='block_1_32' title="bbox 977 800 1461 1036">
    <p class='ocr_par' dir='ltr' id='par_1_36' title="bbox 977 800 1461 989">
     <span class='ocr_line' id='line_1_58' title="bbox 979 800 1344 836; baseline -0.011 0"><span class='ocrx_word' id='word_1_120' title='bbox 979 804 1061 836; x_wconf 83' lang='lat' dir='ltr'>Item</span> <span class='ocrx_word' id='word_1_121' title='bbox 1088 803 1130 836; x_wconf 87' lang='lat' dir='ltr'><strong>de</strong></span> <span class='ocrx_word' id='word_1_122' title='bbox 1155 809 1232 835; x_wconf 83' lang='lat' dir='ltr'><strong>vase</strong></span> <span class='ocrx_word' id='word_1_123' title='bbox 1257 800 1344 833; x_wconf 82' lang='lat' dir='ltr'><strong>sicco</strong></span> 
     </span>
     <span class='ocr_line' id='line_1_59' title="bbox 977 849 1350 893; baseline -0.011 -9"><span class='ocrx_word' id='word_1_124' title='bbox 977 850 1106 893; x_wconf 77' lang='lat' dir='ltr'><strong>profert</strong></span> <span class='ocrx_word' id='word_1_125' title='bbox 1130 849 1198 883; x_wconf 87' lang='lat' dir='ltr'><strong>vini</strong></span> <span class='ocrx_word' id='word_1_126' title='bbox 1223 849 1350 891; x_wconf 81' lang='lat' dir='ltr'><strong>gaudia,</strong></span> 
     </span>
     <span class='ocr_line' id='line_1_60' title="bbox 983 897 1461 940; baseline -0.013 -7"><span class='ocrx_word' id='word_1_127' title='bbox 983 899 1080 940; x_wconf 81' lang='lat' dir='ltr'><strong>Cujus</strong></span> <span class='ocrx_word' id='word_1_128' title='bbox 1105 901 1141 931; x_wconf 91' lang='lat' dir='ltr'><strong>ut</strong></span> <span class='ocrx_word' id='word_1_129' title='bbox 1168 897 1293 930; x_wconf 82' lang='lat' dir='ltr'><strong>cunctis</strong></span> <span class='ocrx_word' id='word_1_130' title='bbox 1320 904 1461 937; x_wconf 81' lang='lat' dir='ltr'><strong>magnae</strong></span> 
     </span>
     <span class='ocr_line' id='line_1_61' title="bbox 979 945 1264 989; baseline -0.011 -9"><span class='ocrx_word' id='word_1_131' title='bbox 979 949 1094 989; x_wconf 80' lang='lat' dir='ltr'><strong>pateat</strong></span> <span class='ocrx_word' id='word_1_132' title='bbox 1119 945 1264 979; x_wconf 77' lang='lat' dir='ltr'><strong>caritatis</strong></span> 
     </span>
    </p>

    <p class='ocr_par' dir='ltr' id='par_1_37' title="bbox 981 993 1418 1036">
     <span class='ocr_line' id='line_1_62' title="bbox 981 993 1418 1036; baseline -0.014 -7"><span class='ocrx_word' id='word_1_133' title='bbox 981 999 1080 1036; x_wconf 80' lang='lat' dir='ltr'><strong>atque</strong></span> <span class='ocrx_word' id='word_1_134' title='bbox 1103 994 1287 1028; x_wconf 65' lang='lat' dir='ltr'><strong>sanctitatis</strong></span> <span class='ocrx_word' id='word_1_135' title='bbox 1313 993 1418 1033; x_wconf 76' lang='lat' dir='ltr'><strong>eopia,</strong></span> 
     </span>
    </p>
   </div>
   <div class='ocr_carea' id='block_1_33' title="bbox 980 1052 1410 1239">
    <p class='ocr_par' dir='ltr' id='par_1_38' title="bbox 983 1052 1222 1089">
     <span class='ocr_line' id='line_1_63' title="bbox 983 1052 1222 1089; baseline -0.025 0"><span class='ocrx_word' id='word_1_136' title='bbox 983 1055 1087 1089; x_wconf 77' lang='lat' dir='ltr'><strong>Caeco</strong></span> <span class='ocrx_word' id='word_1_137' title='bbox 1111 1052 1222 1085; x_wconf 80' lang='lat' dir='ltr'><strong>lumen</strong></span> 
     </span>
    </p>

    <p class='ocr_par' dir='ltr' id='par_1_39' title="bbox 980 1101 1410 1239">
     <span class='ocr_line' id='line_1_64' title="bbox 983 1101 1330 1142; baseline -0.014 -7"><span class='ocrx_word' id='word_1_138' title='bbox 983 1106 1018 1135; x_wconf 81' lang='lat' dir='ltr'><strong>et</strong></span> <span class='ocrx_word' id='word_1_139' title='bbox 1042 1101 1159 1134; x_wconf 72' lang='lat' dir='ltr'><strong>claudo</strong></span> <span class='ocrx_word' id='word_1_140' title='bbox 1184 1108 1330 1142; x_wconf 81' lang='lat' dir='ltr'><strong>gressum</strong></span> 
     </span>
     <span class='ocr_line' id='line_1_65' title="bbox 983 1147 1313 1190; baseline -0.015 -6"><span class='ocrx_word' id='word_1_141' title='bbox 983 1149 1095 1183; x_wconf 83' lang='lat' dir='ltr'><strong>reddit</strong></span> <span class='ocrx_word' id='word_1_142' title='bbox 1119 1158 1159 1180; x_wconf 78' lang='lat' dir='ltr'><strong>ac</strong></span> <span class='ocrx_word' id='word_1_143' title='bbox 1183 1147 1313 1190; x_wconf 83' lang='lat' dir='ltr'><strong>populis</strong></span> 
     </span>
     <span class='ocr_line' id='line_1_66' title="bbox 980 1195 1410 1239; baseline -0.009 -8"><span class='ocrx_word' id='word_1_144' title='bbox 980 1198 1060 1239; x_wconf 84' lang='lat' dir='ltr'><strong>jecit</strong></span> <span class='ocrx_word' id='word_1_145' title='bbox 1084 1196 1162 1230; x_wconf 88' lang='lat' dir='ltr'><strong>fidei</strong></span> <span class='ocrx_word' id='word_1_146' title='bbox 1188 1195 1410 1229; x_wconf 83' lang='lat' dir='ltr'><strong>fundamenta.</strong></span> 
     </span>
    </p>
   </div>
   <div class='ocr_carea' id='block_1_34' title="bbox 983 1253 1493 1537">
    <p class='ocr_par' dir='ltr' id='par_1_40' title="bbox 983 1253 1493 1344">
     <span class='ocr_line' id='line_1_67' title="bbox 983 1253 1493 1297; baseline -0.01 -8"><span class='ocrx_word' id='word_1_147' title='bbox 983 1257 1100 1297; x_wconf 76' lang='lat' dir='ltr'><strong>Igneus</strong></span> <span class='ocrx_word' id='word_1_148' title='bbox 1126 1254 1283 1295; x_wconf 82' lang='lat' dir='ltr'><strong>splendor</strong></span> <span class='ocrx_word' id='word_1_149' title='bbox 1307 1253 1348 1286; x_wconf 84' lang='lat' dir='ltr'><strong>ab</strong></span> <span class='ocrx_word' id='word_1_150' title='bbox 1375 1253 1493 1285; x_wconf 82' lang='lat' dir='ltr'><strong>aethre</strong></span> 
     </span>
     <span class='ocr_line' id='line_1_68' title="bbox 985 1305 1196 1344; baseline -0.014 -7"><span class='ocrx_word' id='word_1_151' title='bbox 985 1305 1196 1344; x_wconf 80' lang='lat' dir='ltr'><strong>experrectus</strong></span> 
     </span>
    </p>

    <p class='ocr_par' dir='ltr' id='par_1_41' title="bbox 986 1351 1195 1385">
     <span class='ocr_line' id='line_1_69' title="bbox 986 1351 1195 1385; baseline -0.014 0"><span class='ocrx_word' id='word_1_152' title='bbox 986 1352 1029 1385; x_wconf 85' lang='lat' dir='ltr'><strong>ad</strong></span> <span class='ocrx_word' id='word_1_153' title='bbox 1056 1351 1195 1384; x_wconf 80' lang='lat' dir='ltr'><strong>culmina</strong></span> 
     </span>
    </p>

    <p class='ocr_par' dir='ltr' id='par_1_42' title="bbox 987 1397 1273 1441">
     <span class='ocr_line' id='line_1_70' title="bbox 987 1397 1273 1441; baseline -0.01 -9"><span class='ocrx_word' id='word_1_154' title='bbox 987 1398 1150 1441; x_wconf 84' lang='lat' dir='ltr'><strong>pontificis</strong></span> <span class='ocrx_word' id='word_1_155' title='bbox 1177 1397 1273 1431; x_wconf 86' lang='lat' dir='ltr'><strong>funus</strong></span> 
     </span>
    </p>

    <p class='ocr_par' dir='ltr' id='par_1_43' title="bbox 988 1446 1474 1537">
     <span class='ocr_line' id='line_1_71' title="bbox 988 1446 1474 1485; baseline -0.01 -4"><span class='ocrx_word' id='word_1_156' title='bbox 988 1449 1140 1481; x_wconf 85' lang='lat' dir='ltr'><strong>observat</strong></span> <span class='ocrx_word' id='word_1_157' title='bbox 1169 1446 1274 1479; x_wconf 80' lang='lat' dir='ltr'><strong>sancti</strong></span> <span class='ocrx_word' id='word_1_158' title='bbox 1301 1453 1474 1485; x_wconf 82' lang='lat' dir='ltr'><strong>secumque</strong></span> 
     </span>
     <span class='ocr_line' id='line_1_72' title="bbox 989 1497 1146 1537; baseline -0.013 -8"><span class='ocrx_word' id='word_1_159' title='bbox 989 1497 1146 1537; x_wconf 83' lang='lat' dir='ltr'><strong>receptat.</strong></span> 
     </span>
    </p>
   </div>
   <div class='ocr_carea' id='block_1_35' title="bbox 988 1552 1342 1683">
    <p class='ocr_par' dir='ltr' id='par_1_44' title="bbox 988 1552 1342 1683">
     <span class='ocr_line' id='line_1_73' title="bbox 992 1552 1293 1589; baseline -0.017 0"><span class='ocrx_word' id='word_1_160' title='bbox 992 1554 1117 1589; x_wconf 84' lang='lat' dir='ltr'><strong>Chorus</strong></span> <span class='ocrx_word' id='word_1_161' title='bbox 1144 1552 1293 1586; x_wconf 78' lang='lat' dir='ltr'><strong>coelestis</strong></span> 
     </span>
     <span class='ocr_line' id='line_1_74' title="bbox 992 1601 1207 1635; baseline -0.014 0"><span class='ocrx_word' id='word_1_162' title='bbox 992 1602 1050 1635; x_wconf 83' lang='lat' dir='ltr'><strong>sed</strong></span> <span class='ocrx_word' id='word_1_163' title='bbox 1076 1601 1207 1635; x_wconf 87' lang='lat' dir='ltr'><strong>auditus</strong></span> 
     </span>
     <span class='ocr_line' id='line_1_75' title="bbox 988 1648 1342 1683; baseline -0.008 0"><span class='ocrx_word' id='word_1_164' title='bbox 988 1648 1149 1683; x_wconf 72' lang='lat' dir='ltr'><strong>transfert</strong></span> <span class='ocrx_word' id='word_1_165' title='bbox 1173 1650 1216 1682; x_wconf 83' lang='lat' dir='ltr'><strong>ad</strong></span> <span class='ocrx_word' id='word_1_166' title='bbox 1241 1653 1342 1682; x_wconf 77' lang='lat' dir='ltr'><strong>astra.</strong></span> 
     </span>
    </p>
   </div>
   <div class='ocr_carea' id='block_1_36' title="bbox 988 1707 1407 1798">
    <p class='ocr_par' dir='ltr' id='par_1_45' title="bbox 988 1707 1407 1798">
     <span class='ocr_line' id='line_1_76' title="bbox 989 1707 1407 1748; baseline -0.007 -7"><span class='ocrx_word' id='word_1_167' title='bbox 989 1709 1037 1742; x_wconf 79' lang='lat' dir='ltr'><strong>Et</strong></span> <span class='ocrx_word' id='word_1_168' title='bbox 1060 1707 1174 1741; x_wconf 79' lang='lat' dir='ltr'><strong>sordes</strong></span> <span class='ocrx_word' id='word_1_169' title='bbox 1198 1708 1407 1748; x_wconf 75' lang='lat' dir='ltr'><strong>peccatorum</strong></span> 
     </span>
     <span class='ocr_line' id='line_1_77' title="bbox 988 1758 1360 1798; baseline -0.008 -8"><span class='ocrx_word' id='word_1_170' title='bbox 988 1758 1066 1790; x_wconf 72' lang='lat' dir='ltr'><strong>lava</strong></span> <span class='ocrx_word' id='word_1_171' title='bbox 1089 1759 1124 1789; x_wconf 81' lang='lat' dir='ltr'><strong>et</strong></span> <span class='ocrx_word' id='word_1_172' title='bbox 1147 1765 1246 1798; x_wconf 77' lang='lat' dir='ltr'><strong>super</strong></span> <span class='ocrx_word' id='word_1_173' title='bbox 1270 1758 1360 1788; x_wconf 73' lang='lat' dir='ltr'><strong>astra</strong></span> 
     </span>
    </p>
   </div>
   <div class='ocr_carea' id='block_1_37' title="bbox 678 1814 1054 1905">
    <p class='ocr_par' dir='ltr' id='par_1_46' title="bbox 678 1814 1054 1905">
     <span class='ocr_line' id='line_1_78' title="bbox 678 1814 1006 1849; baseline -0.006 0"><span class='ocrx_word' id='word_1_174' title='bbox 678 1816 734 1849; x_wconf 81' lang='lat'><strong>10.</strong></span> <span class='ocrx_word' id='word_1_175' title='bbox 761 1814 853 1848; x_wconf 77' lang='lat' dir='ltr'><strong>Leva</strong></span> <span class='ocrx_word' id='word_1_176' title='bbox 877 1818 911 1847; x_wconf 82' lang='lat' dir='ltr'><strong>et</strong></span> <span class='ocrx_word' id='word_1_177' title='bbox 933 1818 1006 1848; x_wconf 82' lang='lat' dir='ltr'><strong>tuos</strong></span> 
     </span>
     <span class='ocr_line' id='line_1_79' title="bbox 761 1863 1054 1905; baseline 0.007 -10"><span class='ocrx_word' id='word_1_178' title='bbox 761 1863 926 1905; x_wconf 80' lang='lat' dir='ltr'><strong>supplices</strong></span> <span class='ocrx_word' id='word_1_179' title='bbox 952 1864 1054 1897; x_wconf 67' lang='lat' dir='ltr'><strong>salva.</strong></span> 
     </span>
    </p>
   </div>
   <div class='ocr_carea' id='block_1_38' title="bbox 290 1925 1552 1959">
    <p class='ocr_par' dir='ltr' id='par_1_47' title="bbox 290 1925 1552 1959">
     <span class='ocr_line' id='line_1_80' title="bbox 290 1925 1552 1959; baseline -0.003 0"><span class='ocrx_word' id='word_1_180' title='bbox 290 1931 377 1959; x_wconf 74' lang='lat' dir='ltr'><strong>Miss.</strong></span> <span class='ocrx_word' id='word_1_181' title='bbox 406 1939 460 1959; x_wconf 84' lang='lat' dir='ltr'><strong>ms.</strong></span> <span class='ocrx_word' id='word_1_182' title='bbox 485 1929 683 1958; x_wconf 70' lang='lat' dir='ltr'><strong>vedastinum</strong></span> <span class='ocrx_word' id='word_1_183' title='bbox 708 1939 784 1959; x_wconf 76' lang='lat' dir='ltr'><strong>saec.</strong></span> <span class='ocrx_word' id='word_1_184' title='bbox 813 1928 858 1958; x_wconf 81' lang='lat'><strong>14.</strong></span> <span class='ocrx_word' id='word_1_185' title='bbox 883 1930 925 1958; x_wconf 63' lang='lat' dir='ltr'><strong>ia</strong></span> <span class='ocrx_word' id='word_1_186' title='bbox 952 1930 1025 1958; x_wconf 79' lang='lat' dir='ltr'><strong>Cod.</strong></span> <span class='ocrx_word' id='word_1_187' title='bbox 1046 1930 1234 1958; x_wconf 64' lang='lat' dir='ltr'><strong>Atrebatens.</strong></span> <span class='ocrx_word' id='word_1_188' title='bbox 1262 1925 1320 1956; x_wconf 80' lang='lat'><strong>888</strong></span> <span class='ocrx_word' id='word_1_189' title='bbox 1340 1929 1376 1956; x_wconf 81' lang='lat' dir='ltr'><strong>A.</strong></span> <span class='ocrx_word' id='word_1_190' title='bbox 1397 1943 1436 1948; x_wconf 89' lang='lat'><strong>-—</strong></span> <span class='ocrx_word' id='word_1_191' title='bbox 1462 1928 1552 1956; x_wconf 75' lang='lat' dir='ltr'><strong>Miss-</strong></span> 
     </span>
    </p>
   </div>
   <div class='ocr_carea' id='block_1_39' title="bbox 213 1966 1554 2084">
    <p class='ocr_par' dir='ltr' id='par_1_48' title="bbox 213 1966 1554 2084">
     <span class='ocr_line' id='line_1_81' title="bbox 214 1966 1554 1998; baseline -0.002 0"><span class='ocrx_word' id='word_1_192' title='bbox 214 1979 267 1998; x_wconf 78' lang='lat' dir='ltr'><strong>ms.</strong></span> <span class='ocrx_word' id='word_1_193' title='bbox 289 1969 483 1997; x_wconf 79' lang='lat' dir='ltr'><strong>Vedasfinum</strong></span> <span class='ocrx_word' id='word_1_194' title='bbox 510 1977 586 1997; x_wconf 81' lang='lat' dir='ltr'><strong>saec.</strong></span> <span class='ocrx_word' id='word_1_195' title='bbox 614 1967 659 1997; x_wconf 83' lang='lat'><strong>14.</strong></span> <span class='ocrx_word' id='word_1_196' title='bbox 681 1969 752 1998; x_wconf 83' lang='lat' dir='ltr'><strong>Cod.</strong></span> <span class='ocrx_word' id='word_1_197' title='bbox 777 1969 966 1997; x_wconf 76' lang='lat' dir='ltr'><strong>Atrebatens.</strong></span> <span class='ocrx_word' id='word_1_198' title='bbox 993 1966 1051 1997; x_wconf 84' lang='lat'><strong>882</strong></span> <span class='ocrx_word' id='word_1_199' title='bbox 1076 1968 1111 1997; x_wconf 93' lang='grc' dir='ltr'><strong>Β.</strong></span> <span class='ocrx_word' id='word_1_200' title='bbox 1133 1983 1170 1989; x_wconf 50' lang='grc'><strong>»-</strong></span> <span class='ocrx_word' id='word_1_201' title='bbox 1190 1968 1276 1996; x_wconf 81' lang='lat' dir='ltr'><strong>Miss.</strong></span> <span class='ocrx_word' id='word_1_202' title='bbox 1297 1976 1351 1995; x_wconf 88' lang='lat' dir='ltr'><strong>ms.</strong></span> <span class='ocrx_word' id='word_1_203' title='bbox 1374 1966 1403 1995; x_wconf 84' lang='lat' dir='ltr'><strong>S.</strong></span> <span class='ocrx_word' id='word_1_204' title='bbox 1425 1967 1554 1995; x_wconf 79' lang='lat' dir='ltr'><strong>Martini</strong></span> 
     </span>
     <span class='ocr_line' id='line_1_82' title="bbox 214 2005 1552 2037; baseline -0.002 0"><span class='ocrx_word' id='word_1_205' title='bbox 214 2010 397 2037; x_wconf 85' lang='lat' dir='ltr'><strong>Touronens.</strong></span> <span class='ocrx_word' id='word_1_206' title='bbox 418 2016 495 2036; x_wconf 78' lang='lat' dir='ltr'><strong>saeu.</strong></span> <span class='ocrx_word' id='word_1_207' title='bbox 519 2006 563 2035; x_wconf 83' lang='lat'><strong>15.</strong></span> <span class='ocrx_word' id='word_1_208' title='bbox 586 2007 656 2035; x_wconf 85' lang='lat' dir='ltr'><strong>Cod.</strong></span> <span class='ocrx_word' id='word_1_209' title='bbox 676 2009 842 2036; x_wconf 80' lang='lat' dir='ltr'><strong>Turonens-</strong></span> <span class='ocrx_word' id='word_1_210' title='bbox 866 2005 930 2035; x_wconf 83' lang='lat'>194.</span> <span class='ocrx_word' id='word_1_211' title='bbox 952 2007 1016 2036; x_wconf 78' lang='lat' dir='ltr'>add.</span> <span class='ocrx_word' id='word_1_212' title='bbox 1038 2015 1115 2036; x_wconf 81' lang='lat' dir='ltr'><strong>saec.</strong></span> <span class='ocrx_word' id='word_1_213' title='bbox 1138 2005 1183 2036; x_wconf 87' lang='lat'><strong>16.</strong></span> <span class='ocrx_word' id='word_1_214' title='bbox 1205 2007 1237 2035; x_wconf 89' lang='lat' dir='ltr'><strong>C.</strong></span> <span class='ocrx_word' id='word_1_215' title='bbox 1258 2021 1298 2027; x_wconf 89' lang='lat'><strong>--</strong></span> <span class='ocrx_word' id='word_1_216' title='bbox 1317 2005 1405 2034; x_wconf 79' lang='lat' dir='ltr'><strong>Mel-z</strong></span> <span class='ocrx_word' id='word_1_217' title='bbox 1439 2005 1552 2034; x_wconf 82' lang='lat' dir='ltr'><strong>Christi</strong></span> 
     </span>
     <span class='ocr_line' id='line_1_83' title="bbox 213 2043 1552 2084; baseline -0.003 -8"><span class='ocrx_word' id='word_1_218' title='bbox 213 2047 360 2076; x_wconf 84' lang='lat' dir='ltr'><strong>hodierna</strong></span> <span class='ocrx_word' id='word_1_219' title='bbox 388 2047 565 2084; x_wconf 82' lang='lat' dir='ltr'><strong>pangimini.</strong></span> <span class='ocrx_word' id='word_1_220' title='bbox 595 2061 633 2067; x_wconf 85' lang='lat'><em>-</em></span> <span class='ocrx_word' id='word_1_221' title='bbox 664 2046 721 2075; x_wconf 81' lang='lat' dir='ltr'><strong>Str.</strong></span> <span class='ocrx_word' id='word_1_222' title='bbox 751 2045 806 2074; x_wconf 66' lang='lat' dir='ltr'><strong>va.</strong></span> <span class='ocrx_word' id='word_1_223' title='bbox 835 2055 899 2083; x_wconf 86' lang='lat' dir='ltr'>sqq.</span> <span class='ocrx_word' id='word_1_224' title='bbox 925 2046 1025 2074; x_wconf 75' lang='lat' dir='ltr'><strong>fehlen</strong></span> <span class='ocrx_word' id='word_1_225' title='bbox 1053 2047 1087 2075; x_wconf 92' lang='lat' dir='ltr'><strong>B.</strong></span> <span class='ocrx_word' id='word_1_226' title='bbox 1113 2061 1152 2066; x_wconf 56' lang='grc' dir='ltr'><strong>-ν-</strong></span> <span class='ocrx_word' id='word_1_227' title='bbox 1179 2045 1235 2081; x_wconf 70' lang='lat' dir='ltr'><strong>va,</strong></span> <span class='ocrx_word' id='word_1_228' title='bbox 1265 2043 1284 2073; x_wconf 84' lang='lat'>2</span> <span class='ocrx_word' id='word_1_229' title='bbox 1302 2045 1433 2082; x_wconf 80' lang='lat' dir='ltr'><strong>liquoris</strong></span> <span class='ocrx_word' id='word_1_230' title='bbox 1453 2046 1492 2073; x_wconf 82' lang='lat' dir='ltr'><strong>A.</strong></span> <span class='ocrx_word' id='word_1_231' title='bbox 1515 2059 1552 2064; x_wconf 83' lang='lat'><strong>-—</strong></span> 
     </span>
    </p>
   </div>
   <div class='ocr_carea' id='block_1_40' title="bbox 215 2082 1556 2153">
    <p class='ocr_par' dir='ltr' id='par_1_49' title="bbox 215 2082 1556 2153">
     <span class='ocr_line' id='line_1_84' title="bbox 216 2082 1556 2123; baseline -0.002 -9"><span class='ocrx_word' id='word_1_232' title='bbox 216 2085 274 2120; x_wconf 64' lang='lat' dir='ltr'><strong>va,</strong></span> <span class='ocrx_word' id='word_1_233' title='bbox 300 2085 321 2114; x_wconf 81' lang='lat'>4</span> <span class='ocrx_word' id='word_1_234' title='bbox 345 2086 431 2121; x_wconf 75' lang='lat' dir='ltr'><strong>fugat</strong></span> <span class='ocrx_word' id='word_1_235' title='bbox 449 2086 484 2113; x_wconf 76' lang='lat' dir='ltr'><strong>A.</strong></span> <span class='ocrx_word' id='word_1_236' title='bbox 506 2099 543 2107; x_wconf 85' lang='lat'><strong>·-</strong></span> <span class='ocrx_word' id='word_1_237' title='bbox 564 2084 622 2121; x_wconf 67' lang='lat'><strong>71³,</strong></span> <span class='ocrx_word' id='word_1_238' title='bbox 651 2084 667 2113; x_wconf 81' lang='lat'>1</span> <span class='ocrx_word' id='word_1_239' title='bbox 687 2086 798 2123; x_wconf 76' lang='lat' dir='ltr'><strong>Ingens</strong></span> <span class='ocrx_word' id='word_1_240' title='bbox 824 2084 965 2122; x_wconf 77' lang='lat' dir='ltr'><strong>splendor</strong></span> <span class='ocrx_word' id='word_1_241' title='bbox 979 2084 1012 2113; x_wconf 88' lang='lat' dir='ltr'><strong>C.</strong></span> <span class='ocrx_word' id='word_1_242' title='bbox 1033 2099 1070 2104; x_wconf 88' lang='lat'><strong>—</strong></span> <span class='ocrx_word' id='word_1_243' title='bbox 1091 2085 1178 2114; x_wconf 71' lang='lat' dir='ltr'><strong>Naeh</strong></span> <span class='ocrx_word' id='word_1_244' title='bbox 1197 2084 1255 2114; x_wconf 72' lang='lat' dir='ltr'><strong>Str.</strong></span> <span class='ocrx_word' id='word_1_245' title='bbox 1278 2082 1331 2114; x_wconf 83' lang='lat'><strong>10:</strong></span> <span class='ocrx_word' id='word_1_246' title='bbox 1356 2084 1453 2112; x_wconf 77' lang='lat' dir='ltr'><strong>Amen</strong></span> <span class='ocrx_word' id='word_1_247' title='bbox 1472 2083 1556 2112; x_wconf 73' lang='lat' dir='ltr'><strong>dieat</strong></span> 
     </span>
     <span class='ocr_line' id='line_1_85' title="bbox 215 2124 493 2153; baseline -0.004 0"><span class='ocrx_word' id='word_1_248' title='bbox 215 2125 319 2153; x_wconf 82' lang='lat' dir='ltr'><strong>concio</strong></span> <span class='ocrx_word' id='word_1_249' title='bbox 338 2127 442 2153; x_wconf 80' lang='lat' dir='ltr'><strong>nostra</strong></span> <span class='ocrx_word' id='word_1_250' title='bbox 463 2124 493 2153; x_wconf 89' lang='lat' dir='ltr'><strong>C.</strong></span> 
     </span>
    </p>
   </div>
   <div class='ocr_carea' id='block_1_41' title="bbox 219 2290 277 2325">
    <p class='ocr_par' dir='ltr' id='par_1_50' title="bbox 219 2290 277 2325">
     <span class='ocr_line' id='line_1_86' title="bbox 219 2290 277 2325; baseline -0.017 0"><span class='ocrx_word' id='word_1_251' title='bbox 219 2290 277 2325; x_wconf 76' lang='lat' dir='ltr'><strong>la.</strong></span> 
     </span>
    </p>
   </div>
   <div class='ocr_carea' id='block_1_42' title="bbox 650 2217 1098 2250">
    <p class='ocr_par' dir='ltr' id='par_1_51' title="bbox 650 2217 1098 2250">
     <span class='ocr_line' id='line_1_87' title="bbox 650 2217 1098 2250; baseline 0 -2"><span class='ocrx_word' id='word_1_252' title='bbox 650 2217 722 2249; x_wconf 82' lang='lat'>432.</span> <span class='ocrx_word' id='word_1_253' title='bbox 758 2217 803 2249; x_wconf 79' lang='lat' dir='ltr'><strong>De</strong></span> <span class='ocrx_word' id='word_1_254' title='bbox 822 2218 932 2249; x_wconf 78' lang='lat' dir='ltr'><strong>saneto</strong></span> <span class='ocrx_word' id='word_1_255' title='bbox 951 2217 1098 2250; x_wconf 79' lang='lat' dir='ltr'><strong>Vedasto.</strong></span> 
     </span>
    </p>
   </div>
   <div class='ocr_carea' id='block_1_43' title="bbox 303 2289 770 2425">
    <p class='ocr_par' dir='ltr' id='par_1_52' title="bbox 303 2289 770 2425">
     <span class='ocr_line' id='line_1_88' title="bbox 303 2289 770 2329; baseline -0.004 -6"><span class='ocrx_word' id='word_1_256' title='bbox 303 2290 428 2329; x_wconf 84' lang='lat' dir='ltr'><strong>Lauda,</strong></span> <span class='ocrx_word' id='word_1_257' title='bbox 456 2289 570 2323; x_wconf 83' lang='lat' dir='ltr'><strong>cohors</strong></span> <span class='ocrx_word' id='word_1_258' title='bbox 597 2289 770 2329; x_wconf 77' lang='lat' dir='ltr'><strong>clericalis,</strong></span> 
     </span>
     <span class='ocr_line' id='line_1_89' title="bbox 304 2337 760 2378; baseline -0.004 -7"><span class='ocrx_word' id='word_1_259' title='bbox 304 2338 383 2371; x_wconf 84' lang='lat' dir='ltr'><strong>Cum</strong></span> <span class='ocrx_word' id='word_1_260' title='bbox 409 2338 545 2370; x_wconf 83' lang='lat' dir='ltr'><strong>devotae</strong></span> <span class='ocrx_word' id='word_1_261' title='bbox 568 2337 674 2378; x_wconf 88' lang='lat' dir='ltr'><strong>plebis</strong></span> <span class='ocrx_word' id='word_1_262' title='bbox 699 2337 760 2370; x_wconf 86' lang='lat' dir='ltr'><strong>alis</strong></span> 
     </span>
     <span class='ocr_line' id='line_1_90' title="bbox 353 2383 751 2425; baseline 0.003 -7"><span class='ocrx_word' id='word_1_263' title='bbox 353 2386 528 2418; x_wconf 79' lang='lat' dir='ltr'><strong>vedastum</strong></span> <span class='ocrx_word' id='word_1_264' title='bbox 555 2383 751 2425; x_wconf 83' lang='lat' dir='ltr'><strong>pontificem.</strong></span> 
     </span>
    </p>
   </div>
   <div class='ocr_carea' id='block_1_44' title="bbox 918 2287 976 2324">
    <p class='ocr_par' dir='ltr' id='par_1_53' title="bbox 918 2287 976 2324">
     <span class='ocr_line' id='line_1_91' title="bbox 918 2287 976 2324; baseline 0.017 -2"><span class='ocrx_word' id='word_1_265' title='bbox 918 2287 976 2324; x_wconf 90' lang='lat' dir='ltr'><strong>1b.</strong></span> 
     </span>
    </p>
   </div>
   <div class='ocr_carea' id='block_1_45' title="bbox 999 2289 1503 2427">
    <p class='ocr_par' dir='ltr' id='par_1_54' title="bbox 999 2289 1503 2427">
     <span class='ocr_line' id='line_1_92' title="bbox 1000 2289 1503 2324; baseline -0.002 -2"><span class='ocrx_word' id='word_1_266' title='bbox 1000 2289 1188 2322; x_wconf 82' lang='lat' dir='ltr'><strong>Ludovicus</strong></span> <span class='ocrx_word' id='word_1_267' title='bbox 1214 2298 1273 2321; x_wconf 80' lang='lat' dir='ltr'><strong>rex</strong></span> <span class='ocrx_word' id='word_1_268' title='bbox 1297 2289 1503 2324; x_wconf 80' lang='lat' dir='ltr'><strong>Francorum</strong></span> 
     </span>
     <span class='ocr_line' id='line_1_93' title="bbox 999 2337 1458 2371; baseline -0.002 -1"><span class='ocrx_word' id='word_1_269' title='bbox 999 2337 1102 2370; x_wconf 84' lang='lat' dir='ltr'><strong>Bellis</strong></span> <span class='ocrx_word' id='word_1_270' title='bbox 1125 2340 1164 2370; x_wconf 82' lang='lat' dir='ltr'><strong>ut</strong></span> <span class='ocrx_word' id='word_1_271' title='bbox 1187 2337 1458 2371; x_wconf 83' lang='lat' dir='ltr'><strong>Allemannorum</strong></span> 
     </span>
     <span class='ocr_line' id='line_1_94' title="bbox 1047 2384 1453 2427; baseline -0.002 -8"><span class='ocrx_word' id='word_1_272' title='bbox 1047 2386 1166 2419; x_wconf 81' lang='lat' dir='ltr'><strong>Fastus</strong></span> <span class='ocrx_word' id='word_1_273' title='bbox 1193 2384 1290 2427; x_wconf 84' lang='lat' dir='ltr'><strong>fregit</strong></span> <span class='ocrx_word' id='word_1_274' title='bbox 1315 2386 1453 2427; x_wconf 85' lang='lat' dir='ltr'><strong>apicem,</strong></span> 
     </span>
    </p>
   </div>
  </div>
 </body>
</html>
