1652 2678
145 215 205 248 6a.

150 611 207 644 va.

146 813 205 847 8a.

147 1403 203 1436 la.

146 1559 192 1591 2a

142 1715 202 1747 3a.

141 1868 203 1902 4a.

143 2025 199 2057 522.

142 2181 198 2214 6a.

141 2338 198 2371 7a.

682 116 948 153 —233-—

233 213 289 248 Sic
317 214 462 255 abjectos
487 215 641 256 parvulos

281 263 398 296 Omnes
423 263 599 305 nutriebat,

233 312 319 352 Quos
343 311 378 343 in
404 311 530 353 signum
555 311 681 352 bajulos

282 359 394 392 Crucis
420 358 563 393 faciebat

231 407 277 441 Et
300 416 360 448 per
387 408 456 440 dies
482 409 637 451 singulos,

280 455 326 489 Ut
351 458 478 496 tempus
503 457 649 498 urgebat,

233 504 429 546 Quingentos
455 506 670 545 pauperculos

281 553 336 585 Ad
360 561 506 585 mensam
531 553 649 587 alebat.

233 611 339 643 Annis
369 611 440 643 istis

283 659 358 691 dum
384 658 509 691 hostem
537 658 712 698 publicum.

233 706 404 747 Mundum,
438 715 565 739 carnem

280 755 342 786 sibi
368 756 567 795 suppeditat,

234 812 295 852 Qui
316 813 385 853 ,iarn
411 822 506 846 sanas
531 812 709 845 innumeros

231 859 423 899 DefunctOS,
450 870 563 902 aegros
591 864 724 902 ceteros,

282 908 411 949 Caecos,
446 909 579 942 claudos
606 913 637 942 et
665 909 788 942 debiles

848 215 907 250 6b.

849 611 908 647 7b.

847 814 906 847 Sb.

931 215 986 248 Sic
1006 215 1102 257 justis
1129 214 1280 256 operibus

979 264 1115 298 Praesul
1138 263 1328 307 insistendo,

931 312 1095 345 Desolatis
1121 311 1267 345 omnibus

979 362 1037 394 Pie
1062 360 1267 403 consulendo,

931 408 1104 442 Thesauris
1131 408 1321 442 coelestibus

981 457 1116 499 Semper
1139 457 1336 499 reponendo,

929 506 1059 546 Pauper
1084 504 1122 538 fit
1144 506 1342 546 pauperibus

981 555 1106 588 Cuncta
1128 554 1308 596 largiendo.

934 611 1109 652 Capellano

978 661 1078 693 vitam
1103 660 1255 703 restituit,

930 707 1132 741 Triduanum

982 757 1022 789 de
1048 759 1154 789 morte
1178 757 1322 791 suscitat.

929 813 1025 847 Nunc
1054 824 1074 847 a
1097 814 1191 847 nobis
1215 815 1386 848 illecebras

932 862 1087 895 Gamales
1114 865 1146 894 et
1170 865 1246 904 post
1269 862 1420 895 tenebras

981 910 1148 943 Excludas
1177 919 1275 952 prece
1299 910 1434 943 flebiles.

517 968 550 1002 9.
577 967 624 1000 Ut
646 976 707 1008 per
731 972 766 1000 te
789 968 889 1009 plena
914 968 1084 1001 criminum

623 1015 726 1048 Nobis
753 1025 904 1049 concessa
929 1017 1024 1049 venia

574 1064 712 1097 Perenni
738 1067 844 1097 tecum
869 1065 1043 1098 Dominum

627 1112 854 1146 Collaudemus
883 1113 917 1146 in
943 1113 1055 1153 gloria.

223 1178 314 1208 Grad.
336 1187 389 1207 ms.
410 1178 550 1216 Augense
571 1187 647 1207 saec.
674 1177 718 1206 15.
743 1179 813 1207 (aod.
835 1179 1046 1216 Rotomagens.
1069 1177 1153 1207 250.-

1207 1188 1254 1214 >a,
1281 1179 1296 1208 1
1318 1183 1406 1209 sanat
1427 1180 1483 1208 Hs.

567 1272 637 1304 309.
679 1271 723 1303 De
743 1273 850 1304 saneto
871 1272 1052 1305 Laurentio.

719 1331 777 1362 Die
798 1332 909 1370 quinta.

847 1404 864 1436 1
876 1403 908 1438 b.

231 1404 333 1437 Festa
357 1404 433 1435 sunt
456 1402 549 1435 nobis
576 1401 704 1443 gaudia,

229 1452 316 1493 Quae
343 1450 406 1484 duo
430 1450 604 1483 luminaria

278 1498 351 1531 Suis
380 1498 548 1532 illustrant
573 1499 687 1539 radiis,

231 1558 347 1591 Patres
373 1558 406 1589 et
431 1557 702 1598 archipraesules.

226 1604 394 1646 Pauperes
418 1605 495 1637 olim
522 1606 659 1644 exsules,

277 1653 374 1686 Nunc
396 1653 432 1685 in
459 1653 542 1686 coeli
564 1654 688 1694 palatio

230 1712 322 1745 Haec
349 1711 412 1744 duo
437 1721 517 1744 vasa
541 1711 663 1752 gloriae

229 1759 333 1793 Nobis
359 1763 527 1800 apponunt
552 1759 648 1792 hodie

277 1808 378 1841 Varia
402 1808 490 1840 vitae
515 1807 649 1851 fercula,

229 1866 274 1900 Hi
299 1869 375 1899 sunt
399 1866 568 1907 exemplar
592 1864 680 1907 fidei,

227 1916 301 1949 Duo
325 1914 388 1948 filii
407 1915 482 1956 olei,

274 1964 347 1997 Duo
376 1963 518 1997 dulcoris
543 1963 655 2007 ubera,

225 2024 351 2057 Horum
376 2023 445 2057 vita
470 2022 674 2056 sanctissima

225 2073 382 2113 Morsque
406 2071 643 2112 pretiosissima

275 2121 406 2154 Merces
432 2123 482 2152 est
507 2129 606 2160 supra
631 2120 783 2164 pretium,

224 2179 315 2212 Vixit
339 2180 409 2212 vita
435 2179 641 2221 dignissimus

226 2228 401 2269 Martinus,
427 2236 488 2269 per
513 2236 608 2269 quem
633 2228 768 2270 legimus

274 2277 356 2310 Tres
383 2276 427 2312 ad
451 2277 550 2310 vitam
576 2277 723 2318 restitui3

224 2338 350 2371 Horum
377 2336 548 2377 praeclara
573 2336 691 2369 merita

223 2386 340 2420 Laude
364 2383 490 2418 referre
518 2384 630 2418 debita

273 2434 345 2468 Vox
370 2435 511 2468 humana
536 2443 601 2467 non
625 2432 758 2478 sufficit,

845 1557 905 1592 2b.

845 1712 906 1746 3b.

844 1867 905 1900 4b.

845 2022 903 2058 5b.

845 2178 905 2214 6b.

844 2335 905 2371 7b.

929 1402 1091 1436 Martinus
1118 1405 1150 1435 et
1174 1403 1368 1436 Laurentius

928 1450 1054 1484 Ductor
1078 1454 1214 1492 uterque
1238 1453 1390 1491 praevius

975 1499 1021 1532 Et
1047 1500 1161 1533 doctor
1185 1499 1273 1533 vitae
1297 1499 1385 1532 filiis

926 1557 990 1591 Pro
1016 1557 1170 1590 brevibus
1194 1559 1353 1601 suspiriis,

930 1605 994 1639 Pro
1020 1606 1114 1639 malis
1140 1606 1337 1639 transitoriis

975 1655 1083 1696 Regni
1108 1653 1261 1688 fruuntur
1285 1655 1413 1696 gaudio.

931 1713 996 1746 Sed
1021 1716 1054 1745 et
1077 1712 1332 1753 misericordiae,

929 1760 1118 1794 Sanctitatis
1146 1763 1178 1792 et
1201 1761 1326 1801 gratiae

979 1808 1077 1842 Clara
1102 1809 1325 1842 demonstrant
1342 1810 1484 1850 specula.

929 1866 1021 1900 Duae
1046 1869 1162 1908 portae
1183 1867 1340 1908 justitiae,

928 1914 1002 1949 Duo
1027 1917 1138 1956 postes
1162 1915 1329 1957 ecclesiae,

977 1963 1049 1996 Duo
1074 1963 1241 1998 doctrinae
1266 1965 1386 1998 sidera.

926 2022 987 2056 Isti
1012 2023 1195 2063 probantur
1218 2023 1339 2068 vivere,

929 2073 1071 2113 Quorum
1095 2071 1272 2112 implentur
1293 2081 1427 2105 munere

977 2119 1057 2153 Piae
1081 2128 1195 2162 preces
1221 2119 1377 2154 fidelium.

928 2178 1019 2212 Vivit
1044 2187 1119 2211 vere
1144 2178 1352 2221 Laurentius,

929 2228 995 2262 Per
1019 2236 1114 2268 quem
1140 2230 1265 2269 septem
1291 2231 1324 2260 et
1347 2229 1485 2269 amplius

976 2276 1132 2309 Suscitati
1157 2279 1233 2309 sunt
1257 2277 1385 2310 mortui.

927 2335 994 2369 Sed
1019 2335 1063 2367 sit
1085 2334 1194 2368 laudis
1219 2336 1357 2372 materia

929 2384 1088 2426 Christus,
1113 2385 1168 2425 qui
1193 2394 1253 2418 sua
1276 2386 1382 2427 gratia

978 2433 1072 2468 Solus
1097 2433 1280 2467 laudandos
1307 2433 1419 2469 efficit.
