1652 2678
798 120 1065 156 —120—

962 216 1023 250 5b.
1045 215 1134 254 Ergo
1162 213 1241 245 dent
1264 214 1343 244 vota.

1045 260 1153 294 cuncti
1180 261 1221 292 de
1247 262 1337 291 terra
1362 260 1433 290 tota

1043 308 1145 342 vincti
1170 308 1223 341 vel
1249 308 1467 354 aegretantes.

265 224 323 257 5a.
349 224 414 256 Per
436 224 647 262 tempestates

345 271 435 303 vehit
459 270 502 303 aci
527 273 657 310 portum
681 270 769 300 rates

346 322 443 360 atque
470 320 584 350 nautas
611 319 754 349 ovantes

263 387 319 420 6a.
347 386 372 419 O
398 385 527 426 Aegidi,
961 376 1021 410 6b.
1044 375 1138 409 Votis
1165 374 1250 415 fave,

351 434 483 466 devotos
508 431 569 463 tibi
1045 423 1171 455 meritis
1197 422 1273 455 fove

348 491 406 514 nos
434 478 560 512 custodi
1045 471 1278 512 supplicantes,

1043 522 1082 552 ut
1103 522 1135 550 te
1160 522 1334 559 sectantes,

1044 576 1106 608 quo
1131 567 1284 608 prodisti,

1044 615 1241 656 prodeamus

1044 664 1088 697 ad
1115 672 1227 696 verum
1251 664 1372 696 lumen.

346 533 442 569 atque
473 526 662 558 commenda

345 576 424 609 Jesu
450 574 590 612 Christo,

347 632 437 664 quem
466 623 595 654 secutus

347 679 462 712 regnas
490 678 561 701 cum
586 669 668 709 ipso.

339 755 427 784 Grati.
455 763 509 782 ms.
537 753 758 782 Ottoburanum
786 759 855 779 saec
893 749 937 779 12.
967 749 1041 778 Glm.
1060 750 1233 778 Monacens.
1260 746 1374 777 27130.
1395 748 1430 776 A.
1452 764 1491 768 —
1511 748 1601 777 Grad.

262 802 308 821 ms
333 793 430 822 Palat.
444 793 669 821 Vindobonens.
693 788 802 820 13314.
825 798 902 819 saee.
926 788 971 818 11.
995 789 1061 817 add.
1083 797 1160 817 saec.
1184 787 1228 817 12.
1243 789 1329 817 13.—
1343 788 1428 815 Miss-
1449 796 1504 816 ms.
1522 787 1602 815 Zwe-

260 833 372 861 thalem
390 854 395 860 V
415 830 482 859 229.
503 839 580 859 saec.
604 830 648 859 14.
672 830 702 858 O.
724 846 762 850 —
781 830 867 857 Miss.
888 837 933 857 ms
963 829 1149 856 Voraviense
1170 825 1207 856 35
1229 836 1307 855 saec.
1332 824 1376 854 14.
1397 825 1436 854 D.
1459 842 1496 846 —-
1516 826 1601 854 Mis-s.

260 879 312 898 ms.
342 870 443 899 Cellae
470 870 643 906 Principum
675 870 746 897 anui
775 866 849 896 1457
879 867 953 896 Chn-
980 867 1152 894 Monacens.
1185 864 1270 894 7204.
1298 866 1335 894 E.
1366 880 1398 884 —
1431 865 1520 895 Grad.
1549 873 1602 892 ius.

262 908 605 945 Claustroneoburgense
625 906 691 937 55³8.
722 915 799 935 saec.
823 904 867 934 14.
890 908 932 934 in.
955 906 988 934 F.
1011 921 1050 925 —
1076 904 1107 939 1,
1132 903 1147 933 1
1174 914 1217 941 sq.
1238 905 1357 933 lauten:
1380 903 1480 941 Stirpe
1503 905 1602 940 regius

261 949 398 977 sacerdos
424 947 568 984 Aegidius
595 948 630 975 A.
652 963 690 967 -
712 945 768 975 4ει.
794 944 807 973 1
835 945 894 974 Hie
922 946 977 973 fios
1000 944 1038 979 03
1067 944 1111 971 sie
1139 944 1285 972 ecelesiae
1305 944 1340 971 A.
1362 957 1400 962 —
1421 942 1481 978 4a,
1501 941 1519 970 2
1547 943 1603 970 flos

263 986 408 1016 Gramine
430 986 544 1023 profert
563 985 602 1021 A3
625 987 706 1023 parit
725 985 854 1012 fructum
877 983 935 1013 BC.
955 999 996 1003 ——-
1015 980 1066 1017 421,
1088 979 1107 1012 3
1128 982 1181 1011 dat
1203 991 1341 1019 saporem
1360 984 1479 1019 gratiae
1500 981 1557 1010 BC.

706 1105 768 1138 156.
810 1104 854 1136 De
875 1107 984 1138 saneto
1006 1105 1151 1147 Aegidio.

262 1191 317 1222 ia.
344 1189 467 1230 Magna
492 1188 572 1225 dies,

393 1245 544 1277 magnum
569 1235 770 1278 solemnium,

347 1287 415 1326 Quo
440 1285 581 1316 laetatur

394 1333 491 1365 turba
515 1331 671 1371 fidelium,

445 1380 645 1414 Celebretur.

262 1451 319 1482 2a.
348 1448 501 1482 Gaudens
528 1447 606 1480 inde

396 1496 477 1529 coeli
501 1495 620 1528 militia

348 1546 457 1578 Primo
484 1543 597 1576 laudet

396 1593 501 1626 nostri
525 1593 689 1634 magnalia

444 1641 623 1674 Salvator-is
634 1654 642 1683 ;

263 1710 322 1745 3a.
349 1709 439 1742 Sciat
463 1717 537 1741 reus

394 1760 427 1790 et
452 1757 565 1789 credat
589 1756 738 1798 firmiter,

346 1806 449 1849 Quod,
478 1805 532 1846 qui
555 1808 702 1838 sanctum

398 1857 493 1897 rogat
517 1854 603 1886 hunc
630 1854 780 1896 dulciter,

440 1903 515 1935 Non
535 1903 669 1946 peribit,

266 1971 323 2003 4a.
350 1970 423 2003 Hoc
447 1970 606 2011 probatur

396 2028 456 2059 per
481 2019 586 2050 scelus
613 2019 747 2061 regium,

348 2068 441 2107 Quod
465 2069 633 2107 potentem

397 2115 519 2156 probat
542 2114 717 2156 Aegidium

445 2163 530 2196 Esse
554 2164 645 2196 satis.

264 2231 321 2265 5a.
350 2230 473 2270 eulpae
497 2230 601 2262 nodus

397 2281 468 2311 erat
495 2276 650 2317 difficilis,‚

349 2326 450 2365 Quem
474 2328 549 2366 post
574 2326 706 2358 missam

397 2374 550 2406 sacerdos
575 2374 693 2406 nobilis

444 2422 497 2454 Ita
521 2422 629 2454 solvit.

961 1187 1019 1221 lb.
1040 1186 1122 1219 Miri
1147 1187 1210 1219 viri

961 1448 1020 1481 2b.

964 1710 1022 1744 31).

963 1971 1025 2005 41).

964 2228 1025 2263 5b.

1091 1235 1176 1267 mira
1200 1234 1374 1275 festivitas,

1045 1284 1144 1322 Cujus
1173 1290 1315 1315 mentem

1093 1332 1244 1372 possedit
1267 1331 1400 1369 veritas,

1142 1380 1341 1413 Honoretur.

1045 1448 1190 1488 Sequens
1219 1448 1315 1480 homo

1093 1496 1210 1536 plenus
1235 1495 1364 1528 laetitia

1047 1545 1231 1578 Veneretur

1093 1594 1179 1625 tanti
1203 1592 1352 1633 tripudia

1146 1640 1361 1675 Confessoris.

1047 1709 1113 1742 Sed
1138 1709 1270 1750 adjutus

1096 1758 1165 1798 ejus
1188 1756 1352 1799 suffragio,

1047 1806 1115 1847 Quo
1141 1806 1246 1839 beatis

1096 1858 1233 1895 paratur
1257 1855 1395 1896 mansio,

1147 1904 1270 1937 Laetus
1295 1903 1366 1936 ibit.

1048 1970 1120 2003 Rex
1146 1971 1275 2011 peccati

1097 2018 1217 2057 ligatus
1239 2019 1373 2051 vinculo

1048 2065 1226 2098 Liberatur

1096 2122 1234 2155 magnae
1258 2116 1417 2148 miraculo

1145 2163 1335 2204 Dignitatis.

1046 2228 1169 2270 Regem
1194 2234 1300 2272 vocat,

1096 2276 1222 2311 facinus
1246 2280 1383 2312 indicat.

1049 2325 1265 2359 Gonfitentem

1098 2374 1243 2408 lacrimis
1270 2375 1416 2415 applicat

1146 2423 1195 2455 Et
1217 2423 1368 2456 absolvit,
