1652 2678
683 94 945 129 -135—

523 198 582 230 177.
622 197 905 246 lul‘l'ranslatione
926 206 948 230 s.
970 197 1112 229 Auberti.

146 278 205 310 la.
234 277 344 310 Sancti
370 279 474 319 patris
499 279 533 311 in
559 279 681 312 honore

230 325 332 359 sonet
354 327 444 360 vocis
467 327 539 360 laus
564 336 711 366 canorae,

233 376 300 414 Quo
326 378 474 415 patrono,
502 384 563 416 quo
589 383 720 416 pastore

284 423 415 456 Gaudet
438 424 500 456 hoc
526 424 706 464 collegium.

148 493 205 525 211.
233 490 326 524 Pium
355 493 483 531 patrem
509 495 541 524 et
565 491 737 532 benignum

231 540 328 573 Fecit
349 539 439 572 Deus
464 540 565 581 signis
591 540 722 580 dignum

232 587 279 620 Et
304 588 426 621 levavit
451 589 541 629 quasi
567 588 690 629 signum

280 637 319 669 In
349 636 400 668 his
424 635 618 669 nationibus.

150 704 206 737 322.
232 703 348 735 Plures
376 703 443 744 ejus
468 702 680 735 hortamentis

231 751 357 792 Spretis
383 751 495 784 mundi
521 750 750 784 blandimentis

232 799 427 833 obtulerunt
450 808 552 840 purae
576 800 693 832 mentis

282 847 411 881 Summo
436 848 506 888 regi
530 856 672 882 munera.

847 278 904 312 lb.
928 278 988 318 Qui
1012 279 1211 320 praeclaram
1240 277 1358 311 ducens,
1375 276 1477 310 vitam

927 328 967 360 In
991 329 1113 360 virtute
1136 326 1313 360 stabilitam

929 375 1051 408 Stravit
1075 375 1167 408 nobis
1192 376 1277 407 viam
1302 375 1412 407 tritam

975 425 1031 457 Ad
1057 424 1138 456 coeli
1162 422 1334 466 fastigium.

846 491 905 524 ab.
926 491 1052 532 Dignus
1078 494 1181 523 morte
1202 490 1402 524 Landelinus

927 539 972 572 Et
995 538 1122 573 inferno
1145 540 1213 580 jam
1232 539 1357 572 vicinus

928 587 983 620 Ad
1010 588 1124 620 vitales
1149 588 1269 621 Christi
1295 588 1382 620 sinus

976 635 1077 669 Redit
1101 636 1204 669 sancti
1227 636 1389 677 precibus.

847 703 906 738 310,
926 703 1055 736 Laudet
1085 713 1159 745 ergo
1183 713 1261 745 grex
1285 703 1477 745 Aubertum‚

931 752 975 786 Ut
1002 752 1064 785 hoo
1090 753 1170 785 duce
1194 761 1254 792 per
1280 753 1442 784 desertum

929 800 1035 840 Hujus
1060 801 1147 834 vitae
1173 801 1286 833 callem
1313 803 1433 833 eertum

977 849 1153 882 Percurrat
1178 849 1219 882 ad
1245 858 1371 889 supera.

223 924 307 953 Miss.
328 933 381 953 ms.
405 923 617 953 Cameracense
637 933 713 953 saco.
738 922 782 953 14.
807 925 878 952 Cod.
901 924 1104 953 Cameracens.
1128 923 1190 954 123.
1212 925 1246 953 A.
1261 941 1300 946 —
1314 925 1400 953 Miss.
1423 933 1477 953 ms.

144 964 315 991 Morinense
336 971 413 991 saec.
431 961 475 991 16.
499 963 569 991 Οοιὶ.
590 963 803 992 Audomarens.
825 961 889 992 215.
903 964 937 992 B.
958 979 998 984 —-
1016 963 1086 992 Mel.
1101 963 1193 992 wohl:
1213 964 1345 992 Vzrbum
1358 964 1477 992 bonum.

573 1075 633 1108 178.
675 1076 718 1108 De
740 1077 849 1108 „sancto
870 1075 1057 1108 Andomaro.

149 1158 205 1190 la.
233 1157 398 1190 Praesulis
423 1157 604 1190 Audomari

230 1205 425 1245 Triumphos
451 1206 600 1238 venerari

280 1254 418 1287 Student
443 1253 589 1297 ecclesia,

146 1323 202 1355 2a.
229 1322 357 1354 Memor
387 1322 545 1363 evangelii

230 1370 296 1410 Spe
321 1370 447 1402 centeni
470 1369 608 1411 praemii

279 1418 394 1451 Omnia
420 1418 572 1458 deseruit,

145 1486 203 1520 3a,
231 1486 385 1518 Pluribus
410 1486 575 1518 miraculis

228 1534 306 1567 Vita
328 1535 411 1566 tanti
436 1534 597 1574 praesulis

275 1582 420 1615 Refulsit
443 1592 504 1623 per
527 1582 667 1625 saecula,

142 1651 202 1685 4a.
230 1650 310 1683 Dies
340 1658 427 1683 nunc
451 1650 615 1686 recolitur.

228 1699 299 1739 Qua
323 1702 454 1731 sanctus
477 1699 645 1732 reducitur

276 1747 308 1779 A
335 1747 469 1780 custode
488 1747 650 1788 venditus,

145 1817 201 1849 5a.
229 1814 316 1847 Fera
340 1817 473 1856 stupent
498 1814 634 1856 agmina,

229 1863 286 1897 Nil
311 1863 423 1896 valent
447 1862 623 1904 conamina,

275 1911 441 1945 Deserunt
463 1911 670 1948 immobilem,

144 1981 202 2015 Ga.
229 1980 292 2013 Via
311 1981 425 2021 nequit
452 1989 570 2021 capere

228 2029 292 2062 Tot
317 2030 461 2062 volentes
489 2037 621 2062 cernere

275 2077 407 2111 Domini
432 2078 614 2121 magnalia3

144 2147 199 2179 7a.
228 2146 378 2179 Mutatur
404 2145 606 2186 elementum,

225 2195 313 2228 Dum
338 2197 446 2228 vestes
470 2198 748 2227 transsui-rentum

267 2238 349 2277 Non
374 2243 509 2276 madent
534 2252 573 2276 ex
598 2242 743 2284 fiumine3

139 2314 196 2347 82.
225 2311 304 2345 Dies
329 2312 418 2345 redit
442 2321 559 2351 annua,

225 2361 295 2402 Qua
319 2361 470 2403 privatur
495 2361 595 2394 vidua

273 2411 413 2444 Sinistro
438 2408 558 2451 officio,

846 1158 903 1191 ib.
928 1159 1127 1190 Veneremur
1151 1156 1259 1195 hodie,

930 1206 1027 1247 Cujus
1051 1215 1111 1239 nos
1136 1205 1279 1246 quotidie

974 1254 1102 1287 Fovent
1125 1253 1316 1295 patrocinia.

843 1322 901 1355 ab.
926 1322 1044 1354 Mundi
1069 1320 1187 1362 spretis
1213 1320 1370 1353 omnibus.

925 1370 1061 1402 Relictis
1086 1368 1275 1410 parentibus

974 1419 1043 1452 Soli
1066 1417 1137 1450 Deo
1163 1418 1297 1450 studuit.

842 1486 902 1522 31).
923 1487 1024 1519 Velut
1047 1494 1173 1527 gemma
1198 1485 1373 1528 splenduit,

926 1536 990 1569 Per
1014 1542 1107 1575 quem
1133 1534 1237 1574 primo
1265 1534 1380 1566 claruit

973 1582 1075 1616 Nobis
1103 1582 1225 1617 Christi
1247 1583 1369 1623 regula.

842 1651 901 1685 4b.
928 1651 1001 1684 Non
1027 1650 1176 1692 permisit
1199 1649 1355 1683 Dominus

925 1700 1109 1740 Adimpleri
1135 1697 1262 1731 facinus

973 1747 1132 1781 Mutando
1160 1747 1326 1782 divinitus„

843 1816 901 1851 51).
923 1816 1036 1848 Abbas
1062 1813 1145 1856 fugit
1168 1815 1311 1855 territus,

926 1863 1063 1896 Sanctus
1088 1864 1155 1896 suis
1181 1863 1328 1897 redditus

974 1911 1118 1946 Exhibet
1140 1921 1177 1944 se
1198 1912 1364 1947 mobilem.

843 1980 902 2015 δῖ).
924 1979 1023 2022 Seges
1047 1980 1188 2022 sparsim
1213 1980 1354 2020 vellitur,

926 2029 1014 2069 Quae
1038 2029 1148 2061 statim
1175 2029 1308 2070 erigitur

974 2078 1108 2111 Patroni
1132 2078 1328 2119 praesentia.

843 2147 902 2181 71).
925 2146 1037 2180 Rediit
1064 2154 1135 2178 cum
1160 2146 1283 2179 honore

924 2195 1044 2230 Punito
1067 2195 1239 2228 venditore

971 2244 1035 2277 Pro
1063 2244 1229 2277 commisso
1257 2243 1399 2280 crimine.

844 2312 902 2346 8b.
925 2312 1060 2346 Festum
1085 2322 1149 2345 non
1174 2313 1307 2346 reveriti

929 2361 1170 2395 Contrahuntur
1197 2362 1299 2403 digiti.

973 2411 1107 2443 Palmae
1130 2410 1188 2444 fixi
1212 2411 1330 2446 medio.
