1652 2678
200 207 257 239 4a.

735 109 1002 145 —141—

286 206 426 247 Accede,
455 209 599 249 spiritus,

336 255 491 290 Consorta
517 256 681 298 famulam,

285 304 440 345 Martyrii
465 306 546 338 ritus

333 354 402 387 Fac
421 354 506 386 hanc
529 363 593 386 non
619 355 776 386 aemulam

382 401 429 434 Et
454 402 516 444 dic,
543 411 584 435 ne
606 402 731 434 timeas.

202 460 220 492 5
235 468 266 492 a.
292 458 397 491 Audit
422 461 455 491 et
478 459 606 493 stabilis

201 710 256 742 6a.

331 507 385 539 Ad
410 516 531 548 poenas
559 508 696 548 ducitur,

285 554 329 587 Et
357 556 462 588 carnis
488 556 596 589 labilis

328 603 470 636 Mortem
495 607 570 645 post
594 604 717 644 patitur

380 652 446 685 Sed
472 652 706 686 admirabilem.

284 709 383 750 Ergo,
412 719 429 742 0
456 710 613 745 Barbara,

334 757 399 790 Ora
423 760 515 790 tuum
540 767 702 798 sponsum,

283 804 334 837 Ne
359 815 418 838 nos
444 807 487 839 ad
513 809 638 839 tartara

334 854 435 887 Satan
459 855 491 887 in
524 855 715 887 absconsum

380 902 493 935 Secum
520 903 727 944 praecipitet,

899 208 959 242 4b.
983 208 1034 241 Sis
1060 209 1166 241 animo
1193 206 1282 251 forti,

1030 257 1144 298 Cogita
1169 257 1304 297 gloriam

982 305 1028 338 Et
1052 309 1202 338 aeternae
1226 305 1323 338 morti

1030 354 1143 387 Firma
1162 354 1349 386 memoriam

1079 403 1124 435 Et
1147 406 1257 435 votum
1282 405 1402 434 teneas.

900 459 959 494 512.
982 460 1067 492 Nam
1094 460 1162 499 ejus
1187 460 1313 501 genitor

1030 508 1135 549 Caput
1159 509 1338 548 amputavit

981 556 1027 589 Et
1052 556 1133 589 coeli
1156 557 1278 597 janitor

1031 606 1183 637 Animam
1207 605 1331 645 aptavit

1080 655 1119 686 ln
1144 662 1224 693 pace
1249 653 1407 686 stabilem.

897 709 957 743 6b.
985 709 1049 743 Sed
1078 712 1171 743 dator
1195 711 1351 743 bonorum

1026 758 1178 791 Dimissis
1203 760 1345 799 peccatis

982 807 1023 839 In
1049 816 1147 848 regno
1173 807 1333 839 coelorum

1027 855 1104 887 Tuis
1130 855 1312 895 impetratis

1078 905 1117 937 In
1142 904 1236 935 nobis
1261 904 1394 937 habitet,

274 987 364 1016 Grad-
385 997 438 1016 ms.
461 988 491 1017 S.
506 989 683 1018 Theoderici
703 998 778 1017 saec.
802 987 846 1017 12.
863 985 934 1017 Cod.
949 989 1084 1017 Remens.
1108 987 1171 1017 169.
1194 989 1258 1017 add.
1280 998 1355 1017 saec.
1380 986 1424 1017 15.
1444 989 1473 1016 A.
1494 1004 1531 1008 —

195 1027 315 1055 Prosar.
342 1035 396 1054 ms.
416 1028 594 1056 Theoderici
620 1036 697 1056 saec.
720 1026 765 1055 15.
792 1027 863 1057 Coti.
883 1027 1019 1055 Remens.
1047 1026 1112 1056 179.
1133 1027 1167 1055 Β.
1192 1043 1232 1048 —
1257 1028 1343 1056 Mel.:
1373 1028 1469 1056 Mittit
1493 1027 1531 1055 ad

196 1066 354 1102 virginem.
376 1081 415 1086 —
435 1066 488 1103 (ia,
510 1066 527 1094 5
549 1068 710 1104 participet
727 1067 764 1095 A.

199 1241 260 1274 la.

196 1396 255 1429 2a.

195 1550 256 1584 3a.

197 1706 256 1738 4a.

198 1861 255 1894 5a.

180 2017 254 2078 ¹6a.

196 2173 253 2206 7a.

192 2331 250 2364 8a.

630 1159 690 1191 186.
730 1160 775 1192 De
800 1160 908 1191 sancto
930 1159 1092 1192 Baudelio.

289 1239 414 1281 Gaude,
440 1237 520 1274 felix
546 1239 692 1283 ecclesia,

284 1287 423 1329 Gaudio,
450 1298 511 1330 quo
538 1289 691 1321 eoelestia

333 1336 453 1369 Cantus
479 1346 629 1370 amoenos
654 1341 817 1379 promunt,

285 1395 325 1427 In
351 1395 493 1427 solemne
518 1395 669 1428 solatium

283 1442 427 1484 Rumpat
454 1444 569 1477 chorus
592 1442 739 1477 fidelium

330 1492 488 1533 Pervigili
510 1492 626 1533 jubilo,

283 1548 402 1582 Laetus
429 1554 540 1591 partes
566 1550 608 1583 ad
634 1551 793 1583 australes

282 1598 391 1631 Verbo
419 1600 517 1632 vertit
541 1597 689 1632 infideles

332 1647 458 1688 Insigni
484 1647 629 1681 victoria.

284 1704 397 1737 Victor
421 1709 599 1746 peroptans
624 1708 812 1739 terrestrem

283 1753 440 1786 Coelestis
469 1754 553 1786 ditat
576 1754 732 1786 victorem

329 1800 519 1843 Refulgenti
543 1802 666 1835 bravio.

281 1858 479 1892 Errantibus
507 1860 561 1892 dat
586 1860 730 1892 solamen

280 1907 326 1942 Et
349 1909 457 1949 egenis
483 1909 666 1941 relevamen

329 1956 469 1998 Insignis
495 1960 620 1998 martyr
643 1957 727 1998 pius.

281 2015 458 2049 Horrenda
482 2016 630 2057 pandunt
656 2019 817 2050 tormenta

280 2065 424 2105 'Martyri
449 2068 525 2106 post
548 2065 782 2107 blandimenta,

324 2113 412 2146 Visis
439 2114 554 2154 quibus
576 2114 734 2156 laetatum

283 2172 423 2205 Sanctus
448 2181 570 2213 pronus
597 2172 639 2204 ad
664 2173 803 2206 verbera

278 2220 389 2254 Judici
418 2221 552 2254 clamat:
583 2230 735 2263 propera,

326 2269 402 2302 Tibi
428 2270 489 2302 soli
517 2279 633 2310 corpus
662 2270 766 2303 datur.

278 2328 332 2363 Ex
359 2329 520 2362 communi
547 2328 643 2362 (latur
664 2328 739 2369 jure

276 2378 308 2414 A.
333 2377 425 2411 fideli
451 2379 639 2419 sepulturae

323 2428 436 2461 Turba
462 2436 579 2470 corpus
605 2427 777 2470 martyris3

899 1241 955 1274 lb.
980 1242 1050 1274 Vox
1075 1243 1199 1274 intonet
1225 1242 1366 1274 melodia

978 1289 1136 1323 Baudelio
1162 1290 1348 1330 praeconia,

1029 1340 1129 1378 Quem
1154 1338 1306 1370 aetherea
1332 1338 1482 1371 condunt.

896 1396 956 1429 2b.
978 1396 1095 1429 Levita
1120 1396 1194 1428 dum
1221 1396 1395 1429 Baudelius

979 1445 1031 1477 Ab
1057 1445 1199 1478 Evurcio
1225 1445 1356 1477 nuntius

1028 1493 1206 1526 Gothorum
1231 1493 1265 1525 in
1290 1494 1411 1533 populo

895 1550 954 1585 3b.
978 1552 1085 1584 Ardet
1108 1551 1184 1584 hinc
1202 1551 1379 1584 Gothorum
1406 1553 1525 1592 coetus,

978 1601 1071 1633 Intra
1096 1600 1199 1632 minas
1226 1600 1301 1632 dum
1331 1603 1396 1632 stat
1425 1599 1528 1632 laetus

1026 1649 1157 1689 Martyr
1181 1649 1214 1680 in
1241 1649 1398 1690 angustia.

894 1706 955 1741 41).
975 1706 1105 1748 Martyr
1130 1707 1225 1739 minis
1250 1716 1314 1739 non
1344 1706 1469 1747 teritur,

982 1755 1108 1789 Crescit
1134 1757 1166 1787 et
1189 1764 1253 1787 non
1277 1756 1432 1787 minuitur

1025 1803 1126 1836 Fides
1152 1804 1186 1835 in
1215 1803 1382 1836 Baudelio.

897 1861 955 1895 51³.
978 1862 1108 1895 Ganunt
1131 1864 1236 1894 strata
1260 1862 1450 1894 simulacra:

979 1910 1027 1942 Tu
1053 1911 1201 1951 Baudeli‚
1227 1919 1288 1951 per
1313 1911 1446 1943 lavacra

1023 1959 1139 1992 Fontis
1166 1960 1210 1991 sis
1235 1960 1406 1999 propitius.

894 2017 953 2050 6b.
977 2017 1099 2050 Adstat
1124 2026 1238 2050 saevus
1264 2018 1441 2058 imperator

976 2066 1107 2111 Dicens⁷
1138 2066 1258 2099 Christi
1285 2067 1375 2099 verbi
1401 2069 1499 2108 sator,

1025 2115 1116 2150 Haec
1140 2115 1201 2147 tibi
1226 2117 1474 2156 praeparantur.

896 2173 952 2206 712.
977 2174 1097 2207 Tortor
1121 2172 1210 2206 serus
1236 2174 1289 2206 hic
1314 2173 1431 2214 adfuit,

977 2222 1055 2263 Quo,
1083 2224 1157 2256 dum
1184 2222 1292 2255 verbis
1319 2222 1495 2264 condoluit,

1025 2271 1136 2304 Sancti
1162 2275 1259 2312 caput
1284 2275 1479 2312 amputatur.

894 2330 953 2363 8b.
978 2330 1222 2372 Languentibus
1248 2334 1394 2371 praestat
1418 2339 1512 2371 opem

976 2379 1022 2412 Et
1045 2379 1182 2412 infirmis
1208 2380 1379 2413 sanitatem

1025 2429 1091 2461 Hic
1115 2430 1205 2462 locus
1230 2439 1311 2470 prae
1338 2429 1462 2463 ceteris.
