1652 2678
784 111 1051 146 -324--

250 213 308 248 72.
333 213 408 246 Hae
431 215 508 245 sunt
529 212 611 245 fieus
635 210 830 252 primitivae,
948 209 1009 243 ¹7b.
1030 208 1105 241 Hae
1128 205 1298 240 columbae,
1322 204 1409 236 laete
1433 204 1532 245 lotae,

330 261 463 293 Palmae
489 260 592 293 Gades
619 263 652 291 et
675 259 790 302 olivae,
1034 255 1156 289 Christi
1190 261 1330 294 sponsae
1353 252 1517 333 gelam-ae
1541 254 1595 285 to-

381 356 578 389 Balsamitae
602 355 726 396 vineae,
1079 352 1274 384 Aromatum
1298 326 1417 383 areae.⁷

248 425 305 458 8a.
332 423 411 456 Veri
433 422 576 455 Sabaoth
600 420 698 462 filiae,
947 419 1010 455 8b.
1032 418 1137 451 Nobis
1163 418 1230 451 sint
1253 417 1434 458 munimini,

330 470 444 504 Dulcis
469 469 625 503 haeredes
654 467 786 509 gloriae,
1031 467 1083 499 Ne
1108 467 1248 500 Satanae
1273 466 1431 499 molimini

335 520 474 553 Junotae
496 518 565 558 poli
589 515 743 556 familiae,
1030 514 1191 548 Cedamus
1217 517 1252 547 et
1275 514 1466 549 discrimini.

247 587 303 620 9a.
330 586 418 627 Quae
441 586 578 625 utroque
602 593 719 625 agnum
743 583 829 623 pede
946 583 1006 617 9b.
1030 582 1104 615 Suis
1127 584 1256 616 salvent
1280 591 1338 615 nos
1364 582 1495 623 tutelis3

331 634 531 667 comitantur
555 632 637 665 coeli
661 633 750 673 sede,
1032 632 1138 664 Amen
1166 631 1254 664 dieat
1277 630 1371 672 plebs
1397 629 1515 664 fidelis.

324 708 413 737 Grad.
440 717 495 736 ms.
514 707 743 736 Marehianense
763 715 840 735 saee.
870 705 915 736 14.
937 708 1008 736 Cod.
1030 708 1179 737 Duaeens.
1203 706 1259 736 114
1279 709 1315 737 A.
1336 724 1375 728 —
1394 708 1514 736 Prosar.
1535 716 1591 735 ms.

246 746 476 777 Marehianense
496 755 574 775 saec.
597 744 642 774 15.
663 746 734 775 Ood.
753 746 903 774 Duacens.
926 744 961 774 15
979 747 1014 775 Β.
1036 761 1073 765 -
1087 748 1172 776 Miss.
1193 756 1248 775 ms.
1262 746 1492 776 Marehianense
1512 754 1590 775 saec,

249 784 292 815 16.
314 786 385 814 Cod.
407 786 554 814 Duaeens.
576 782 623 813 39.
648 784 679 813 C.
700 798 739 804 -—
757 784 843 812 Mel.:
869 783 934 813 Ave
953 785 1058 814 mundi
1078 795 1146 822 spes
1166 786 1274 814 Maria.

676 882 744 915 429.
785 883 829 915 De
849 884 960 915 saneto
982 883 1165 916 Valentino.

273 955 329 987 13.
356 953 410 986 Ad
436 953 618 994 triumphos
643 953 741 986 laude
767 953 881 994 dignos
970 955 1029 990 11),
1051 955 1097 987 Et
1122 957 1166 989 ad
1192 956 1298 989 caelos
1326 956 1422 990 dulce
1445 957 1551 990 melos

404 1002 478 1036 Jam
503 1001 663 1034 resultent
686 1001 830 1042 aethera,
1105 1005 1259 1037 Penetret
1284 1014 1345 1046 per
1369 1014 1456 1039 aera.

272 1070 330 1103 2a-.
358 1069 438 1103 Cum
462 1068 576 1100 beatus
602 1067 793 1100 Valentinus
971 1071 1031 1105 ab.
1054 1072 1257 1114 Immolatur,
1284 1073 1418 1114 capitali

405 1116 544 1150 Placens
567 1115 632 1149 Dei
654 1116 763 1149 hostia
1101 1120 1284 1154 Damnatus
1308 1123 1480 1157 sententia.

273 1186 333 1218 35⁸..
361 1184 422 1224 Qui
445 1183 582 1225 insignis
607 1184 758 1223 passione
971 1188 1030 1223 3b.
1053 1188 1167 1221 Victor
1191 1189 1330 1222 rutilans
1355 1189 1495 1223 invictus

355 1233 486 1272 Martyr
511 1231 605 1264 fortis
629 1231 662 1263 in
688 1240 790 1273 agone
1053 1237 1146 1269 Inter
1172 1236 1264 1270 dirae
1288 1238 1403 1271 mortis
1429 1239 1515 1271 ictus

407 1279 586 1313 Coronatur
609 1279 730 1324 laurea,
1104 1284 1248 1318 Sindone
1272 1295 1448 1326 purpurea.

272 1349 329 1381 43.
356 1347 444 1380 Urbs
463 1346 609 1379 'laetetur
633 1347 828 1379 Interamnis
969 1352 1029 1386 4b.
1051 1352 1098 1384 Et
1125 1362 1227 1395 pagus
1254 1353 1489 1387 Gemeticensis

355 1395 443 1436 Quae
467 1398 608 1427 aeternis
635 1398 724 1427 earet
747 1395 872 1427 damnis
1056 1399 1163 1441 Signis
1190 1400 1358 1442 fulgurans
1382 1403 1553 1436 immensis

405 1443 469 1475 Per
493 1442 587 1483 hujus
613 1442 774 1486 saffragia‚
1103 1449 1168 1482 Pro
1194 1449 1326 1483 victoris
1352 1451 1466 1491 gloria.

274 1510 330 1545 5a.
358 1511 456 1550 Cujus
483 1513 580 1549 caput
601 1509 665 1541 hue
687 1511 821 1542 allatum
970 1517 1029 1550 5b.
1054 1515 1132 1549 Sata
1157 1516 1273 1560 salvat,
1298 1527 1406 1550 mures
1432 1521 1541 1559 necat,

355 1558 491 1591 Gratum
516 1557 615 1590 habet
639 1556 840 1600 famulatum,
1054 1565 1162 1606 Agros
1188 1565 1335 1599 hostibus
1362 1566 1526 1608 defaecare,

405 1605 453 1640 Ut
474 1606 618 1646 produnt
641 1606 806 1640 miracula.
1102 1613 1188 1647 Luos
1211 1615 1301 1655 perit
1324 1616 1461 1649 aemula.

274 1673 331 1707 6a.
358 1673 446 1714 Ignis
474 1673 571 1714 eadit,
972 1681 1030 1716 6b.
1054 1682 1095 1715 In
1122 1681 1238 1723 capitis

404 1724 505 1753 ruunt
526 1720 680 1753 incendia
1105 1730 1210 1763 saneti
1233 1731 1432 1771 praesentia.

274 1789 293 1821 7
301 1797 330 1822 a.
357 1787 457 1830 Fugit
480 1788 572 1821 tabes
597 1788 764 1831 pestifera,
973 1788 1033 1822 7b.
1056 1788 1149 1821 Mors
1175 1790 1396 1822 contremiscit
1419 1790 1530 1825 effera.

274 1856 330 1889 8a.
357 1856 411 1889 Ad
439 1856 552 1888 salutis
972 1856 1031 1890 8b.
1055 1856 1226 1890 Macerata

407 1904 546 1936 redeunt
569 1903 687 1937 robora
1103 1905 1259 1947 languore
1285 1914 1424 1946 corpora

274 1972 331 2006 9a.
358 1971 548 2004 Valentinus
972 1972 1032 2007 9b.
1055 1973 1147 2006 Arva
1172 1973 1250 2006 solis

403 2018 548 2052 infundit
571 2020 684 2061 pluvia
1107 2024 1200 2055 aestu
1225 2022 1419 2063 squalentia.

248 2087 292 2122 10
301 2095 331 2120 a.
360 2086 482 2129 Caecis‚
509 2090 546 2119 ut
565 2087 708 2129 videant,
949 2088 1031 2123 lOb.
1054 2090 1086 2122 A
1110 2089 1223 2124 morbo
1248 2091 1383 2132 proprio

402 2135 490 2168 Dum
515 2138 641 2176 martyr
664 2136 814 2177 imperat,
1101 2142 1276 2181 utrumque
1299 2140 1430 2175 liberat.

249 2202 329 2237 ila„
357 2202 519 2236 Febribus
545 2206 691 2236 tenerum
948 2205 1033 2242 111).
1054 2206 1166 2248 Eripit
1187 2217 1336 2250 puerum,

248 2271 330 2307 123.
356 2270 522 2303 Daemone
545 2270 697 2304 feminam
779 2278 795 2294 *
818 2309 835 2325 *
877 2307 893 2324 *
916 2278 934 2295 *
948 2273 1034 2310 12b.
1057 2274 1187 2309 Dantur
1215 2276 1412 2319 salubribus,

404 2319 594 2352 Emundaus
612 2321 766 2362 sanciam,
1109 2353 1116 2359 ‚
1364 2354 1371 2361 ,

779 2393 795 2411 z
820 2366 835 2381 *
877 2366 893 2383 »μ
917 2395 932 2410 *
1057 2352 1179 2392 Quibus
1207 2353 1264 2386 dat
1288 2363 1450 2395 gemmam

358 2394 484 2428 Infirmi
507 2397 631 2429 viribus
1104 2401 1163 2434 Vir
1188 2405 1320 2435 sanctus
1345 2403 1498 2446 gratiam,
