1652 2678
718 58 984 95 —176-

186 162 243 193 422.
271 159 446 200 Crucifixe,
473 159 629 201 singulari
890 155 951 190 4b.
974 154 1044 187 Fac
1064 162 1133 196 nos,
1162 156 1198 183 ut
1222 152 1255 183 in
1281 159 1381 191 regno
1406 150 1488 183 lucis

269 207 370 241 Modo
401 207 488 240 cruci
515 205 711 239 conformari
975 201 1187 234 Persi-namur
1211 197 1320 232 fructu
1347 198 1451 229 crucis

320 256 435 289 Mente
458 255 505 288 sic
531 257 563 287 et
587 254 701 287 habitu
1023 251 1091 288 Quo
1119 247 1262 280 crederis
1288 244 1400 278 fruitu.

263 341 348 370 Miss.
375 350 429 369 ms.
458 338 799 367 Romano-Franciscan.
826 344 903 364 saec.
934 333 978 363 14.
1002 334 1072 363 Cod.
1095 333 1373 370 Carpentoraetens.
1402 327 1466 358 107.
1494 344 1533 349 —

186 377 244 413 3b,
270 378 288 407 2
315 383 345 407 et
369 379 448 407 clare
468 378 524 406 Hs.
552 393 590 397 —
615 373 676 408 Bb,
705 375 723 402 3
744 383 782 402 zu
803 375 952 412 erganzen
972 373 1044 401 ordo
1066 371 1113 406 (de
1133 370 1344 408 poenitentia),
1374 369 1426 397 der
1446 376 1531 404 soge-

184 421 297 446 nannte
317 418 407 445 dritte
427 416 534 445 Orden.

614 535 683 567 233.
724 534 768 566 De
788 534 898 566 saneto
919 532 1098 565 Franciseo.

186 620 244 652 la.
272 617 367 659 Veni,
394 617 472 650 Sion
496 615 576 655 filia,
892 614 951 648 [b.
972 614 1014 648 In
1037 614 1216 648 Francisco
1242 620 1387 653 paupere

270 666 458 707 Speculare,
485 665 595 706 qualia
969 662 1095 703 Patrat,
1123 660 1212 705 cujus
1240 669 1377 700 corpore

270 715 342 747 Rex
367 722 479 755 regum
504 712 667 754 magnalia
973 710 1066 744 Novo
1095 710 1198 743 claret
1223 718 1332 750 opere.

185 774 243 805 2a.
273 771 464 806 consolator
489 779 679 810 pauperum,
887 768 947 801 2b.
971 768 1102 801 Testem
1128 767 1223 800 offert
1248 768 1388 807 saecum,

269 820 366 852 Hune
392 819 497 851 crucis
523 816 714 858 signiferum
971 817 1012 850 In
1038 825 1100 858 quo
1128 816 1234 850 carnis
1262 815 1354 848 oculo

272 867 394 901 Christi
417 867 506 908 passi
531 866 701 899 vulnerum
972 865 1066 899 Haec
1090 867 1202 897 cernat
1224 863 1347 905 absque
1367 862 1520 902 scrupulo

187 927 247 960 aa
275 926 301 959 O
326 925 384 958 lux
408 925 481 956 luce
506 924 675 964 pulchrior
889 923 949 957 33).
972 923 1049 956 Sole
1073 920 1288 963 refulgentior

318 973 363 1006 Et
388 973 512 1005 cunctis
538 972 711 1011 sideribus,
1023 971 1071 1003 Tc
1095 972 1287 1011 praesentas
1314 967 1483 1004 fratribus,

369 1021 456 1053 Dum
480 1022 513 1053 in
541 1030 638 1053 curru
661 1021 781 1063 radias,
1068 1019 1198 1051 Mentes
1225 1017 1338 1050 reddis
1363 1017 1504 1057 pervias.

186 1081 243 1114 4a.
271 1080 509 1120 Prophetarum
534 1079 662 1120 gemina
888 1077 948 1111 4b.
976 1075 1140 1110 Creaturis
1166 1077 1307 1116 imperat

272 1129 367 1161 Hunc
390 1128 511 1159 attollit
536 1128 651 1169 gratia,
973 1124 1222 1166 Daemonesque
1247 1125 1390 1165 superat,

319 1176 405 1208 Nam
429 1177 567 1207 ventura
590 1175 729 1217 nuntiat,
1021 1174 1139 1206 Portas
1164 1173 1279 1205 mortis
1303 1174 1440 1205 reserat.

189 1233 245 1267 5a.
273 1234 316 1267 Os
341 1235 504 1265 mutorum
527 1233 682 1273 loquitur,
891 1232 950 1266 510.
974 1233 1001 1266 O
1026 1231 1216 1271 Francisce‚
1242 1238 1396 1272 propera,

268 1281 392 1314 Lumen
419 1281 522 1313 caecis
548 1280 709 1318 redditur,
973 1280 1071 1314 Educ
1096 1289 1157 1312 nos
1186 1280 1229 1311 ad
1256 1279 1389 1311 aethera

275 1330 385 1363 Omnis
411 1330 514 1370 pestis
539 1329 676 1362 tollitur.
975 1329 1028 1362 De
1053 1328 1115 1361 hae
1141 1328 1228 1361 valle
1254 1328 1382 1360 misera.

266 1415 355 1444 Grad.
376 1424 420 1442 ms
452 1415 619 1443 Graecense
640 1412 687 1443 ²36.
708 1423 787 1442 saec.
809 1413 854 1444 14.
874 1431 914 1435 —
932 1415 1018 1443 Mel.:
1041 1415 1121 1443 Veni
1141 1416 1244 1442 sancte
1265 1414 1400 1450 spiritus.

619 1566 689 1598 234.
730 1566 774 1597 De
794 1566 904 1597 sancto
925 1565 1104 1598 Francisco.

191 1649 251 1683 la.
280 1648 386 1687 Salve,
413 1647 553 1681 fratrum
577 1649 643 1681 dux
660 1648 831 1687 minorum,
895 1648 954 1681 lb.
980 1647 1030 1681 Tu
1056 1648 1200 1689 sigillum
1226 1648 1343 1680 summi
1370 1646 1472 1690 duciS,

274 1697 399 1730 Doctor
425 1697 522 1736 vitae,
546 1696 599 1729 via
623 1706 758 1740 morum,
981 1696 1074 1736 Quod
1100 1697 1218 1730 incidit
1245 1696 1344 1729 clavis
1373 1695 1477 1728 crucis

324 1746 390 1778 Vas
418 1745 568 1779 coelestis
593 1746 727 1787 gloriae,
1030 1746 1148 1778 Manus
1171 1746 1362 1786 sapientiae.

193 1804 249 1837 Za.
275 1803 382 1843 Salve,
411 1804 509 1837 decus
534 1812 724 1844 pauperum,
893 1803 954 1836 2b.
977 1803 1029 1836 Tu
1056 1803 1178 1838 Christi
1204 1804 1418 1845 signaculum,

277 1852 316 1884 ln
340 1861 403 1892 quc
430 1852 579 1886 Christus
602 1854 723 1884 iterum
978 1851 1134 1884 Crucifixi
1158 1851 1339 1892 speculum,

324 1900 490 1933 Monstrat
514 1910 573 1934 sua
599 1902 745 1943 vulnera,
1026 1900 1170 1940 Fulgens
1195 1900 1269 1939 plus
1297 1909 1393 1941 quam
1417 1900 1537 1933 sidera.

193 1959 248 1993 3a.
276 1958 326 1990 Tu
351 1968 471 1999 parvus
499 1961 531 1991 et
555 1959 696 1999 humilis,
894 1957 953 1990 3b.
975 1958 1040 1990 Per
1065 1961 1155 1989 tuum
1182 1957 1354 1989 consilium

278 2006 377 2047 Cujus
403 2007 514 2047 lingua
538 2006 657 2039 fertilis
981 2005 1151 2045 virginale
1175 2005 1279 2037 lilium

326 2055 406 2087 Tres
431 2054 528 2087 flores
553 2055 717 2095 parturiit,
1025 2052 1115 2085 Loca
1141 2053 1251 2087 clausa
1275 2054 1382 2094 petiit.

193 2113 249 2146 4a.
278 2112 379 2154 Signa
403 2113 546 2153 probant
569 2116 603 2145 te
627 2112 770 2152 beatum,
893 2110 954 2145 4b,
978 2110 1063 2149 Quot
1079 2112 1156 2142 sunt
1171 2112 1288 2153 morbi,
1315 2115 1366 2145 tot
1378 2114 1536 2159 medelae,

278 2161 378 2202 Cujus
402 2170 478 2193 ossa
500 2162 676 2194 sanitatum
978 2158 1089 2198 Visus,
1116 2168 1246 2199 gressus
1273 2163 1306 2192 et
1330 2161 1482 2203 loquelae

327 2209 497 2250 Vaporant
519 2208 734 2247 dulcedinem,
1026 2206 1168 2239 Praebes
1194 2208 1445 2248 plenitudinem.

195 2268 251 2300 5a.
279 2267 329 2299 Tu
351 2267 438 2299 liber
461 2267 548 2299 intus
575 2269 608 2298 et
633 2264 712 2298 foris
895 2264 954 2298 5b.
979 2264 1019 2297 In
1044 2272 1107 2304 quo
1133 2266 1264 2305 sanguis
1290 2268 1366 2308 agni
1393 2268 1507 2312 claret,

279 2314 438 2355 Scriptus,
465 2317 557 2356 gesta
581 2314 761 2348 Salvatoris
980 2311 1077 2345 Orbis
1101 2314 1188 2344 totus
1214 2312 1269 2345 hic
1294 2320 1435 2355 apparet

325 2362 390 2396 Est,
413 2363 491 2396 libri
516 2363 662 2405 materia,
1027 2359 1074 2392 Et
1098 2362 1228 2400 patrum
1254 2363 1427 2404 magnalia.
