1652 2678
669 74 937 110 *274—

136 177 191 210 7a.
219 176 264 208 Et
289 185 390 216 ungas
416 175 487 206 oleo

218 233 278 256 nos
303 223 527 263 saluberrimo,

135 292 193 325 8a.
219 291 383 323 Possimus
414 289 600 321 coelestium

221 341 384 371 consortes
410 337 600 378 gaudiorum

219 386 292 419 fieri
316 384 504 426 perenniter

833 171 891 205 7b.

834 284 895 319 8b.

917 174 985 210 Quo
1009 179 1086 202 mox
1110 167 1267 208 perliberi

915 220 1010 259 peste
1035 216 1228 258 cunctigena

919 286 959 318 In
983 284 1082 317 laude
1108 284 1226 316 summi
1250 284 1336 326 regis

919 342 938 366 o
963 335 1069 365 tecum
1091 331 1239 373 Nicolae,

920 379 1095 415 Confessor
1121 380 1241 413 Christi
1266 381 1444 421 praecelse.

212 471 296 499 Miss-
317 478 371 497 ms.
393 469 572 497 Pataviense
592 475 669 495 saec.
693 463 738 494 15.
760 466 832 494 Cod.
851 465 1035 494 Londinens.
1052 466 1127 494 Add.
1142 464 1253 495 24680.
1273 481 1313 487 -—
1330 465 1380 499 62,
1404 465 1419 494 1
1440 470 1475 495 ut

138 517 225 537 omne
244 508 327 537 nefas
348 508 403 536 Ην,

587 598 654 630 363.
696 597 739 630 De
760 598 869 630 sancto
891 597 1026 630 Nicolao.

140 690 198 726 la.
224 690 400 724 Exsultent
423 688 484 721 filii
509 697 648 730 sponsae

222 738 354 772 Domini

223 788 258 819 in
283 787 406 819 honore
430 785 590 826 praesulis

223 835 362 876 Nicolai,

222 884 332 924 magni
355 882 476 916 meriti.

142 953 199 987 aa.
225 952 375 984 Humano

225 999 312 1031 Deus
339 998 449 1040 generi
477 998 645 1030 consulens

225 1047 398 1080 Nicolaum

227 1095 445 1135 ordinaverat,

227 1145 281 1184 qui
307 1143 438 1175 assidua

230 1190 343 1224 ovibus
368 1193 480 1231 pastor
504 1190 601 1222 bonus

228 1241 314 1271 esset
336 1239 453 1271 hostia.

145 1307 203 1339 δα.
229 1306 268 1338 ln
293 1306 381 1345 pelvi
405 1307 543 1337 steterat
567 1306 703 1344 erectus,

230 1354 365 1386 claudae
394 1352 486 1386 dedit
508 1361 663 1393 gressum,

230 1402 320 1443 signo
346 1400 432 1434 facto
459 1409 647 1442 cypressum

230 1449 409 1482 succidenti
434 1449 575 1481 validam

228 1507 325 1530 manu
351 1498 496 1530 dederat.

144 1566 203 1600 4a.
228 1565 319 1598 Auro
346 1565 421 1598 dato

229 1616 377 1654 stuprum
404 1613 573 1654 dessuasit,

227 1661 429 1702 proscriptos
456 1662 582 1701 exemit,

230 1710 273 1742 de
295 1710 409 1742 mortis
432 1709 506 1750 lege
531 1710 615 1742 <lura

229 1758 332 1790 trinos
358 1758 446 1791 viros
472 1758 565 1801 eruit,

230 1805 409 1839 Cedronem

228 1853 403 1887 fecundum
427 1854 585 1888 reddidit.

146 1922 204 1956 5a.
230 1923 270 1955 In
292 1922 375 1954 mari
398 1922 571 1963 invocaris,

229 1979 309 2002 aura
333 1971 459 2003 arridet
484 1971 584 2010 clara,

229 2027 294 2051 non
319 2021 448 2051 emanat
471 2019 588 2058 oleum,

233 2066 335 2099 donec
358 2065 508 2107 pontifex
533 2075 611 2099 suae

229 2115 335 2147 redux
359 2115 544 2148 cathedrae.

148 2181 206 2215 6a.
231 2181 355 2222 Joseph
379 2182 481 2217 Jacob
506 2185 653 2223 paverat,

229 2230 338 2270 pascis
362 2231 519 2272 populum

231 2287 350 2310 manna
374 2279 516 2320 coelesti,

230 2329 326 2366 petra
350 2327 528 2368 propinans

235 2374 330 2406 dulce
351 2375 513 2415 poculum.

837 688 897 723 lb.

839 949 899 984 2b.

841 1305 903 1340 3b.

841 1565 901 1599 4b.

845 1923 904 1957 eb.

846 2183 906 2219 6b.

919 689 1021 722 Totus
1047 689 1134 722 orbis
1155 689 1284 731 jubilet,
1310 699 1386 723 nam

919 736 1050 770 ordines

920 786 1109 826 angelorum
1136 788 1318 827 concinunt,

922 834 1003 866 coeli
1028 833 1149 866 lumine

920 890 1004 914 novo
1030 881 1175 914 rutilant.

923 948 1026 989 Lycia

923 1005 1017 1038 quem
1044 996 1194 1029 ediderat
1218 996 1436 1039 splendidum,

921 1045 1112 1086 Myreorum

922 1094 1023 1134 plaga
1046 1091 1166 1126 florida

924 1142 1189 1180 sacratissimum,

925 1189 1060 1231 spiritus
1086 1190 1121 1222 in
1146 1198 1208 1229 quo
1234 1189 1350 1232 sancti,

925 1241 974 1270 est
998 1237 1187 1270 sacrarium.

925 1305 1076 1345 Expellit
1098 1303 1264 1337 daemonis
1288 1305 1465 1347 incursum,

922 1354 1032 1386 lumen
1059 1352 1152 1386 dedit
1178 1361 1283 1395 caeco,

925 1401 1013 1442 quod
1037 1411 1057 1433 a
1080 1400 1188 1433 nautis
1214 1401 1351 1443 accepit,

926 1449 1123 1482 frumentum
1151 1449 1318 1482 distribuit

927 1498 1037 1531 damni
1062 1497 1217 1530 nescium.

926 1565 1166 1606 Euphrosynae

925 1616 1036 1647 natum
1059 1613 1231 1654 reddebat,

925 1663 1031 1703 imago
1058 1662 1242 1694 subtractas

923 1710 1071 1751 resignat
1093 1719 1173 1750 opes
1198 1718 1294 1742 caesa

925 1768 990 1792 non
1014 1763 1129 1791 renato
1154 1758 1307 1800 barbaro,

926 1807 985 1840 sed
1009 1808 1120 1840 statim

925 1856 961 1888 in
986 1855 1152 1888 Christum
1179 1854 1322 1888 credulo.

927 1923 1058 1957 Samuel
1082 1923 1192 1956 David
1217 1931 1328 1963 regem

926 1975 1067 2005 unxerat
1091 1972 1170 2005 Saul
1195 1971 1337 2015 abjecto,

928 2023 962 2053 te
990 2020 1102 2053 divina
1125 2021 1232 2061 gratia

929 2069 1113 2102 sacerdotio
1139 2066 1221 2101 fecit

926 2116 1019 2157 fungi
1043 2118 1168 2151 Aaron.

926 2185 1173 2218 Melchisedech
1197 2186 1357 2228 ordinem,

928 2234 1020 2266 Petri
1046 2242 1245 2275 consequens

929 2281 1158 2323 humilitatem,

929 2330 1025 2363 Pauli
1049 2330 1198 2372 impleris

930 2378 1102 2419 sapientia.
