1652 2678
205 164 263 196 2a.

203 366 260 399 3a.

202 567 260 601 4a.

225 968 272 1002 la

223 1124 283 1157 2a.

224 1277 280 1310 3a.

223 1526 282 1559 4a.

223 1777 279 1810 5a.

224 2169 280 2201 Sa.

740 62 1007 98 —320—

290 161 385 196 Vitae
408 172 469 203 per
494 163 720 204 compendium

336 211 454 244 Mortis
480 220 592 244 sacrae
619 210 743 252 proelio

285 258 341 292 Ad
365 261 517 292 aeternae
543 259 720 300 praemium

335 307 454 340 Sancta
480 308 581 340 currit
605 307 726 340 concio.

288 364 451 398 Virtutum
483 364 668 398 coelestium

337 413 436 454 Regis
463 416 495 445 et
519 413 641 454 palatio

288 461 457 502 Virginale
482 461 588 494 lilium

334 509 439 549 Regni
465 508 568 551 fulget
592 509 684 543 solio.

288 566 389 606 Coeli,
416 568 533 607 terrae,
560 566 696 599 marium

332 613 431 653 Regis
455 613 490 645 in
515 613 667 654 obsequio

286 661 505 701 Supernorum
532 662 648 694 civium

334 708 469 742 Fruitur
495 710 666 745 consortio.

900 159 958 193 2b.
981 159 1067 191 Dum
1092 166 1157 189 non
1182 156 1276 188 timet
1300 153 1446 197 gladium

903 362 963 397 3b.

901 564 960 598 4b.

1033 205 1178 246 Virginis
1203 213 1264 245 pro
1288 202 1356 236 filio

983 255 1153 295 Virginum
1185 252 1366 293 collegium,

1034 302 1124 337 Coeli
1150 302 1271 343 gaudet
1293 298 1452 342 praemio.

986 361 1115 394 Sertum
1142 359 1263 400 duplex
1287 356 1459 399 proprium

1034 409 1088 442 Ex
1113 407 1196 441 rosis
1224 416 1295 439 cum
1319 406 1390 438 lilio

989 458 1108 491 Cursus
1131 455 1231 489 habet
1255 454 1404 487 bravium

1033 506 1158 538 Harum
1186 503 1375 537 decertatio.

984 565 1125 605 Quarum
1151 571 1211 604 per
1236 560 1392 595 auxilium

1032 611 1112 645 Cum
1137 611 1188 644 his
1215 612 1327 643 nostra
1350 609 1480 641 mansio

985 660 1071 701 Fiat,
1097 668 1185 693 nunc
1210 658 1418 692 clamantium

1033 708 1184 741 Postulat
1207 707 1322 740 oratio.

281 784 401 812 Prosar.
422 792 476 812 ms.
497 785 687 813 Pisciacense
708 792 786 813 saec.
811 781 855 812 15.
879 783 950 812 Cod.
971 783 1154 813 Londinens.
1176 783 1232 820 Eg.
1254 780 1340 811 2601.

654 896 725 929 426.
765 896 810 928 De
830 896 944 928 sancta
963 895 1091 927 Ursule..

312 967 468 1002 Plantans
492 968 578 1010 rigat
602 967 783 1008 Britannia,

309 1015 375 1049 Sed
400 1016 583 1056 germinans
610 1014 784 1048 Germania

357 1063 513 1097 Subducit
539 1063 790 1105 incrementum;

308 1121 401 1154 Mors
425 1122 587 1162 virginum
612 1123 663 1154 tot
685 1122 810 1154 milium

308 1168 386 1203 Cum
413 1178 486 1202 rosa
507 1170 616 1211 jungit
639 1169 754 1212 lilium,

356 1218 531 1250 Rachelem
553 1218 662 1258 jungit
685 1217 775 1258 Liae‚

309 1275 415 1315 Stirps
441 1276 531 1316 regia
552 1277 594 1309 ad
619 1276 784 1308 surculum

307 1323 431 1363 Suplex
452 1323 602 1364 adspirat
625 1324 813 1367 mascuLum,

305 1372 390 1404 Dum
415 1371 528 1411 prodit
553 1372 661 1404 virens
687 1372 823 1414 virgula,

308 1419 440 1454 Viribus
466 1419 500 1452 in
529 1420 720 1461 virguncula

355 1467 499 1500 Felicius
525 1468 675 1504 donatur.

308 1526 340 1558 A
361 1534 438 1566 rege
462 1529 599 1566 nuptum
623 1525 756 1571 petitur⁷

307 1573 373 1607 Sed
398 1582 509 1616 regum
535 1582 593 1607 rex
619 1575 806 1619 consulitur,

307 1621 373 1662 Spe
396 1631 462 1655 non
488 1622 634 1655 abscissa
657 1624 769 1664 regulo

305 1670 389 1711 Regi
414 1673 573 1714 servatur,
600 1672 697 1704 anulo

356 1719 497 1753 Coelesti
522 1719 723 1754 subarratur.

305 1775 363 1809 Fit
385 1776 511 1810 navalis
537 1775 664 1810 fabrica

355 1825 496 1866 Singulis
521 1825 673 1866 millenis,

309 1873 431 1906 Proelii
455 1875 662 1914 praenostica

353 1920 527 1961 Spectatur
551 1922 669 1964 arenis,

307 1969 555 2010 Praeponuntur
581 1971 703 2004 coelica

354 2016 487 2058 Regulis
511 2019 660 2060 terrenis,

307 2064 486 2098 Salomonis
513 2067 639 2100 cantica

353 2112 515 2147 Jeremiae
537 2114 674 2147 threnis.

308 2169 426 2203 Flante
450 2174 546 2204 vento
572 2174 644 2205 velo
669 2173 818 2214 tendunt,

307 2217 409 2251 Maris
431 2221 523 2260 terga
541 2221 575 2253 in
593 2222 838 2262 transcendunt,

306 2264 392 2298 Dum
425 2276 486 2307 per
518 2269 667 2301 Rhenum
702 2269 840 2302 Romam

603 2318 752 2358 tendunt,

355 2362 536 2403 Applicant
558 2364 720 2398 Coloniae.

923 967 983 1000 lb.

924 1120 974 1154 2b

925 1274 974 1308 3b

923 1524 983 1559 4b.

924 1776 984 1811 5b.

925 2172 983 2206 6b.

1006 966 1123 999 Flores
1147 967 1224 997 sunt
1246 964 1282 997 in
1307 962 1453 1008 Colonia,

1010 1014 1074 1047 Sed
1099 1012 1223 1046 fructus
1250 1014 1300 1044 est
1327 1012 1361 1044 in
1386 1011 1496 1054 patria

1059 1062 1123 1094 Tot
1147 1061 1308 1101 virginum
1333 1060 1547 1101 prudentum,

978 1146 984 1153 .
1009 1120 1180 1154 Nicolaum
1204 1119 1387 1159 Vincentio,

1007 1167 1187 1201 Martinum
1214 1176 1285 1200 cum
1310 1166 1499 1213 Laurentio,

1058 1218 1170 1250 ‹Jesum
1193 1216 1302 1257 jungit
1326 1215 1464 1249 Mariae.

978 1300 985 1308 .
1008 1274 1087 1308 Ursi
1111 1274 1241 1315 rapacis
1270 1273 1399 1307 aemula

1007 1323 1135 1355 Nomen
1164 1322 1299 1355 sortitur
1324 1321 1457 1363 Ursule,

1009 1371 1048 1403 111
1073 1379 1183 1403 ursum
1211 1378 1359 1403 crescens
1384 1370 1540 1403 zabulum

1005 1418 1059 1451 Ex
1084 1428 1160 1451 urso
1185 1416 1266 1452 fecit
1289 1418 1447 1460 ursulum,

1057 1467 1104 1500 Ut
1129 1475 1169 1499 ex
1193 1465 1258 1499 fine
1282 1466 1452 1507 probatur.

1006 1525 1211 1566 Quaeruntur
1235 1533 1295 1566 per
1318 1524 1494 1558 triennium

1010 1572 1156 1614 Sponsae
1181 1581 1295 1615 greges
1321 1573 1495 1615 sodalium,

1007 1622 1135 1663 Regina
1155 1620 1195 1654 fit
1221 1622 1355 1654 denario

1008 1668 1125 1703 Monas
1145 1670 1203 1702 sub
1230 1670 1410 1703 undenario

1057 1718 1203 1751 Millenis
1229 1722 1435 1760 aggregatur.

1006 1776 1118 1810 Finito
1142 1777 1312 1817 praeludio

1056 1825 1234 1867 Virginalis
1258 1826 1338 1859 belli

1008 1874 1196 1907 Dimicandi
1221 1874 1330 1907 studio

1059 1922 1203 1964 Cupiunt
1225 1923 1349 1963 divelli,

1007 1971 1150 2004 Lictoris
1175 1980 1197 2004 a
1221 1971 1342 2012 gremio

1059 2019 1211 2060 Quolibet
1234 2018 1387 2062 propelli,

1011 2068 1162 2108 Quolibet
1186 2068 1347 2109 supplicio

1056 2116 1122 2149 Pro
1147 2115 1278 2150 Christo
1302 2116 1454 2157 percelli.

1007 2173 1186 2207 Revelatur
1210 2174 1265 2207 hic
1290 2174 1434 2216 reginae,

1008 2222 1110 2262 Quam
1135 2221 1224 2255 felici
1249 2222 1323 2257 viae
1347 2222 1413 2256 fine

1007 2270 1222 2304 Revertentes
1248 2272 1458 2312 Agrippinae

1059 2365 1180 2400 Christi
1206 2366 1286 2400 fient
1310 2368 1453 2402 hostiae.
