1652 2678
199 227 259 260 4a.

202 430 259 463 5a.

201 632 259 665 6a.

205 788 262 823 7a.

204 943 262 976 8a.

204 1098 262 1132 9a.

177 1252 260 1286 lOa.

178 1402 260 1436 lla.

180 1553 262 1586 12a.

719 152 762 156 —
813 131 884 167 299
937 151 977 156 —

287 226 394 268 Hujus
421 228 489 261 vita
513 230 674 269 praesulis
902 230 964 265 4b.

291 275 407 316 Coepit
431 286 451 308 a
476 277 643 310 cunabulis

287 323 426 357 Florere
451 325 617 358 miraculis

334 371 381 404 Et
405 373 560 406 virtutum
587 374 701 415 gratia.

287 427 353 462 Per
377 430 464 463 hunc
489 431 578 464 Deus
603 432 809 473 restauravit,
902 432 961 466 5b.

288 526 455 567 Quidquid
481 537 580 561 saeva
605 528 786 562 devastavit

337 576 561 608 vandalorum
586 575 681 609 furia.

286 632 376 666 Mira
401 634 528 675 fulgens
554 634 727 667 sanctitate

288 682 328 715 In
353 682 508 715 Rcmensi
533 682 667 715 civitate

338 729 474 763 Sedavit
497 731 659 771 incendia,

289 787 354 821 Ubi
381 788 500 828 pedem
525 788 741 832 impiimebat,

287 836 407 869 Planta
430 836 525 877 pedis
550 836 742 878 apparebat,

336 884 446 917 Testis
473 888 522 917 est
548 886 695 926 ecclesia,

289 942 376 975 Dum
402 943 436 975 in
461 943 554 983 aquis
580 952 639 975 rex
663 943 799 975 sacratis

287 991 508 1024 Mundaretur
531 1001 552 1024 a
576 991 730 1032 peccatis,

325 1039 390 1072 Res
415 1048 500 1072 nova
524 1039 684 1082 miraculi,

290 1097 391 1138 Virgo
418 1097 576 1138 quaedam
602 1097 774 1138 Tolosana,

288 1145 389 1186 Virgo
414 1145 532 1177 decens
558 1145 617 1178 sed
641 1154 764 1178 vesana

337 1193 444 1234 HuJ'us
473 1194 577 1226 sancti
603 1193 756 1234 precibus

288 1253 371 1292 Ave,
399 1260 525 1292 gemma
550 1251 767 1292 sacerdotum,

289 1299 471 1333 Galliarum
498 1299 680 1332 antidotum

334 1348 379 1381 Et
405 1348 514 1380 lumen
540 1348 707 1388 ecclesiae,

287 1401 450 1434 Diadema
476 1401 672 1442 praesulum,

289 1450 407 1489 Decus,
435 1450 550 1490 honor,
577 1449 754 1490 speculum,

337 1498 416 1531 Flos
442 1502 473 1530 et
500 1506 626 1539 gemma
650 1498 819 1539 Franciae‚

289 1551 376 1585 Dum
401 1551 436 1583 in
461 1551 531 1584 solo
557 1551 652 1591 hujus
677 1551 790 1584 mundi

905 634 965 669 6b.

905 789 963 823 7b.

905 943 964 978 8b.

907 1097 966 1130 9b.

881 1251 965 1286 10b.

882 1400 966 1434 llb.

882 1551 966 1584 12b.

285 1600 407 1633 Hostes
420 1603 572 1640 premunt
581 1608 639 1631 nos
649 1599 818 1641 immundi,

288 1648 374 1681 Seda
390 1656 490 1686 mare,
514 1648 610 1687 placa
628 1650 768 1691 ventum,

289 1696 341 1729 Ne
360 1705 419 1728 nos
437 1698 562 1736 mergat
577 1696 611 1727 in
626 1698 821 1728 tormentum

334 1744 511 1777 Daemonis
536 1743 671 1777 invidia.

986 230 1095 262 Mater
1120 239 1199 263 anus
1227 230 1376 270 concipit,

989 278 1080 311 Sicut
1103 277 1192 311 Deus
1218 278 1389 319 praecipit,

987 326 1108 360 Caecus
1133 328 1240 359 lumen
1266 326 1392 367 recipit,

1034 375 1094 414 Qui
1119 375 1282 416 praedixit
1308 374 1398 408 talia.

985 433 1050 466 Per
1090 433 1176 466 hunc
1219 434 1343 465 claudis
1385 441 1514 474 gressus

1283 481 1387 522 datur,

988 528 1100 562 Caecis
1124 530 1233 562 lumen
1258 533 1443 570 renovatur,

1036 578 1206 618 Fugantur
1231 578 1416 618 daemonia;

987 634 1073 667 Dum
1098 636 1256 677 malignos
1283 636 1417 676 spiritus

988 683 1047 715 Vir
1069 682 1198 724 fugaret
1221 684 1351 717 inclitus

1037 731 1138 765 Urbis
1164 735 1258 765 extra
1282 733 1418 766 moenia.

986 789 1026 822 In
1051 797 1114 830 qua
1139 799 1221 823 vena
1245 790 1346 822 silicis

989 836 1140 871 Ostendit
1165 837 1326 878 pontificis

1038 885 1172 918 Sacrata
1194 887 1340 927 vestigia.

988 943 1054 976 Vas
1081 946 1131 976 est
1154 944 1287 976 missum
1314 945 1446 977 coelitus

989 991 1082 1024 Dono
1109 992 1213 1024 sancti
1237 992 1371 1033 spiritus

1037 1040 1103 1073 Per
1128 1040 1309 1073 columbam
1333 1040 1486 1081 praesuli.

988 1097 1053 1130 Est
1076 1097 1117 1129 ab
1143 1098 1236 1130 hoste
1261 1098 1401 1131 liberata

987 1145 1033 1178 Et
1057 1154 1077 1177 a
1101 1149 1206 1178 morte
1230 1146 1386 1179 suscitata

1035 1193 1199 1226 Redditur
1223 1195 1423 1235 parentibus.

987 1252 1074 1283 Ante
1099 1259 1227 1291 partum
1254 1253 1418 1285 nuntiatus

988 1299 1035 1331 Et
1058 1299 1092 1331 in
1117 1303 1231 1333 ventre
1257 1303 1462 1334 consecratus

1039 1347 1161 1380 Beatae
1187 1347 1334 1383 ciliniae.

989 1400 1126 1434 Pietatis
1152 1403 1279 1434 oculum

989 1449 1080 1482 Leva
1105 1458 1203 1490 super
1228 1450 1382 1490 populum

1037 1497 1223 1530 Praesentis
1250 1498 1416 1533 ecclesiae.

990 1551 1016 1584 Ο
1044 1549 1210 1584 confessor
1235 1551 1351 1583 summi
1375 1551 1472 1593 regis,

988 1599 1078 1632 Audi
1103 1608 1216 1639 preces
1243 1600 1291 1631 tui
1316 1600 1423 1640 gregis

987 1647 1033 1680 Et
1057 1656 1115 1679 nos
1137 1648 1274 1680 mundos
1292 1657 1312 1680 a
1328 1648 1471 1688 peccatis

988 1695 1095 1736 ,Iunge
1120 1705 1218 1737 regno
1246 1696 1415 1737 claritatis,

1037 1743 1104 1776 Ubi
1129 1753 1194 1784 pax
1221 1747 1252 1776 et
1278 1744 1392 1786 gloria.

256 1820 345 1850 Grad.
372 1828 426 1848 ms.
453 1819 607 1848 Borkense
627 1819 653 1847 A
681 1819 705 1847 7.
736 1828 814 1848 saec.
842 1818 887 1848 15.
907 1820 944 1847 A.
964 1835 1004 1840 —
1022 1819 1108 1847 Miss.
1129 1820 1276 1848 Remense
1302 1821 1373 1857 imp.
1393 1822 1520 1850 Parisiis

178 1858 253 1889 1491
265 1860 299 1888 B.
314 1876 352 1880 -
365 1859 451 1887 Miss.
473 1859 620 1887 Remense
640 1860 710 1895 imp.
729 1859 856 1887 Parisiis
881 1856 964 1887 1513.
981 1858 1013 1887 C.
1027 1873 1063 1877 —
1079 1855 1130 1894 3a,
1155 1858 1168 1887 1
1190 1859 1355 1887 vindictam
1376 1860 1522 1896 scelerum

177 1907 273 1937 gegen
294 1898 352 1927 den
371 1898 458 1926 Reim
479 1897 538 1926 BC.
562 1912 597 1916 —
620 1895 676 1934 4317
700 1896 715 1925 1
736 1898 818 1926 Huic
837 1899 917 1925 vitae
939 1897 971 1926 C.
986 1912 1023 1918 -
1041 1895 1085 1925 5a
1104 1898 1166 1926 und
1186 1897 1229 1926 5b
1250 1899 1423 1935 umgestellt
1437 1899 1468 1928 O.
1483 1915 1522 1919 -—

176 1939 235 1969 fib..
264 1936 283 1966 2
303 1938 435 1975 Fugaret
461 1938 509 1964 vir
531 1935 561 1964 C.
586 1952 616 1956 -
643 1934 703 1971 91),
733 1935 749 1964 1
777 1945 822 1973 sq.
848 1936 1022 1973 umgestellt
1040 1936 1075 1963 A.
1099 1951 1135 1956 -—
1158 1937 1215 1966 Str.
1241 1935 1301 1966 11b
1329 1937 1405 1966 fehlt
1425 1939 1461 1967 A.
1482 1955 1522 1959 —

179 1975 254 2012 12a,
277 1975 295 2005 2
315 1978 456 2014 premunt
476 1984 531 2004 nos
552 1976 645 2003 invisi
664 1982 762 2013 gegen
782 1975 840 2003 den
859 1975 945 2003 Reim
965 1975 1024 2004 BC.
1047 1990 1083 1994 —
1108 1973 1183 2012 121),
1206 1974 1224 2003 2
1246 1977 1330 2005 Bone
1349 1979 1453 2014 pastor
1474 1978 1521 2006 tui

178 2018 278 2055 gregis
299 2017 334 2051 A,
357 2015 406 2044 die
426 2015 535 2044 beiden
556 2017 688 2043 ersteren
708 2015 814 2043 Worte
836 2015 955 2051 spitere
975 2014 1133 2043 Zuschrift.

177 2199 236 2233 la.
263 2197 383 2238 Fulget
408 2196 513 2228 virtus
540 2195 715 2237 Gedeonis,

265 2245 326 2286 Qui
354 2245 492 2278 devictis
518 2249 566 2277 tot
592 2244 741 2285 personis

175 2350 233 2384 2a.
262 2348 324 2389 Qui
347 2357 410 2390 pro
436 2357 495 2380 sua
521 2347 688 2380 voluntate

261 2397 347 2432 Sexu
373 2397 488 2439 quovis
515 2401 549 2430 et
573 2399 681 2429 aetate

610 2123 677 2156 397.
718 2123 763 2155 De
783 2123 898 2155 sancta
918 2122 1091 2155 Restituta.

310 2295 376 2329 Per
402 2293 524 2327 fractas
549 2293 739 2335 lagunculas

307 2445 406 2480 Fecit
429 2445 604 2488 mirabilia,

883 2195 944 2229 lb.
968 2195 1133 2230 Christum
1159 2205 1267 2238 regem
1293 2195 1455 2239 figuravit,

967 2243 1047 2277 Cum
1072 2253 1133 2285 per
1158 2255 1232 2278 suas
1257 2246 1472 2287 triumphavit

1038 2293 1204 2335 Martyres
1229 2295 1401 2335 puellulas.

883 2346 943 2382 210.
963 2346 1056 2379 Haec
1080 2346 1209 2380 infirma
1236 2357 1308 2381 eum
1334 2348 1441 2392 elegit,

966 2395 1063 2436 Quasi
1090 2405 1150 2437 per
1175 2395 1359 2439 fragmenta
1383 2397 1483 2441 fregit

1013 2444 1131 2478 Mundi
1157 2455 1303 2488 quaeque
1327 2445 1437 2482 fortia.
