<?xml version="1.0" encoding="UTF-8"?>
<!DOCTYPE html PUBLIC "-//W3C//DTD XHTML 1.0 Transitional//EN"
    "http://www.w3.org/TR/xhtml1/DTD/xhtml1-transitional.dtd">
<html xmlns="http://www.w3.org/1999/xhtml" xml:lang="en" lang="en">
 <head>
  <title>
</title>
<meta http-equiv="Content-Type" content="text/html;charset=utf-8" />
  <meta name='ocr-system' content='tesseract 3.04.00' />
  <meta name='ocr-capabilities' content='ocr_page ocr_carea ocr_par ocr_line ocrx_word'/>
</head>
<body>
  <div class='ocr_page' id='page_1' title='image "./analectahymnica10drevuoft_00333.png"; bbox 0 0 1652 2678; ppageno 0'>
   <div class='ocr_carea' id='block_1_1' title="bbox 731 72 993 109">
    <p class='ocr_par' dir='ltr' id='par_1_1' title="bbox 731 72 993 109">
     <span class='ocr_line' id='line_1_1' title="bbox 731 72 993 109; baseline -0.004 0"><span class='ocrx_word' id='word_1_1' title='bbox 731 72 993 109; x_wconf 86' lang='lat'>—330——</span> 
     </span>
    </p>
   </div>
   <div class='ocr_carea' id='block_1_2' title="bbox 195 169 1513 1664">
    <p class='ocr_par' dir='ltr' id='par_1_2' title="bbox 195 169 1513 1664">
     <span class='ocr_line' id='line_1_2' title="bbox 220 169 1338 211; baseline -0.012 -1"><span class='ocrx_word' id='word_1_2' title='bbox 220 178 277 211; x_wconf 68' lang='lat' dir='ltr'>va.</span> <span class='ocrx_word' id='word_1_3' title='bbox 302 175 451 209; x_wconf 78' lang='lat' dir='ltr'>Tandem</span> <span class='ocrx_word' id='word_1_4' title='bbox 474 176 644 208; x_wconf 84' lang='lat' dir='ltr'>innumera</span> <span class='ocrx_word' id='word_1_5' title='bbox 916 171 934 203; x_wconf 84' lang='lat'>7</span> <span class='ocrx_word' id='word_1_6' title='bbox 941 169 974 202; x_wconf 87' lang='lat' dir='ltr'>b.</span> <span class='ocrx_word' id='word_1_7' title='bbox 999 169 1046 202; x_wconf 87' lang='lat' dir='ltr'>Ut</span> <span class='ocrx_word' id='word_1_8' title='bbox 1069 176 1168 209; x_wconf 85' lang='lat' dir='ltr'>super</span> <span class='ocrx_word' id='word_1_9' title='bbox 1192 169 1338 199; x_wconf 86' lang='lat' dir='ltr'>veterum</span> 
     </span>
     <span class='ocr_line' id='line_1_3' title="bbox 300 215 1347 264; baseline -0.012 -6"><span class='ocrx_word' id='word_1_10' title='bbox 300 225 481 258; x_wconf 89' lang='lat' dir='ltr'>Poenarum</span> <span class='ocrx_word' id='word_1_11' title='bbox 507 231 626 264; x_wconf 86' lang='lat' dir='ltr'>genera</span> <span class='ocrx_word' id='word_1_12' title='bbox 998 216 1153 249; x_wconf 87' lang='lat' dir='ltr'>Dolorem</span> <span class='ocrx_word' id='word_1_13' title='bbox 1177 215 1347 247; x_wconf 89' lang='lat' dir='ltr'>vulnerum</span> 
     </span>
     <span class='ocr_line' id='line_1_4' title="bbox 305 264 1257 311; baseline -0.012 -6"><span class='ocrx_word' id='word_1_14' title='bbox 305 271 441 305; x_wconf 87' lang='lat' dir='ltr'>Cessant</span> <span class='ocrx_word' id='word_1_15' title='bbox 466 274 498 303; x_wconf 88' lang='lat' dir='ltr'>et</span> <span class='ocrx_word' id='word_1_16' title='bbox 522 279 621 311; x_wconf 88' lang='lat' dir='ltr'>opera</span> <span class='ocrx_word' id='word_1_17' title='bbox 998 264 1117 297; x_wconf 84' lang='lat' dir='ltr'>Acrius</span> <span class='ocrx_word' id='word_1_18' title='bbox 1139 264 1257 296; x_wconf 85' lang='lat' dir='ltr'>iterum</span> 
     </span>
     <span class='ocr_line' id='line_1_5' title="bbox 351 311 1360 360; baseline -0.008 -7"><span class='ocrx_word' id='word_1_19' title='bbox 351 320 468 360; x_wconf 85' lang='lat' dir='ltr'>Datur,</span> <span class='ocrx_word' id='word_1_20' title='bbox 494 322 531 351; x_wconf 83' lang='lat' dir='ltr'>ut</span> <span class='ocrx_word' id='word_1_21' title='bbox 555 320 696 351; x_wconf 85' lang='lat' dir='ltr'>curetur.</span> <span class='ocrx_word' id='word_1_22' title='bbox 1047 311 1150 346; x_wconf 81' lang='lat' dir='ltr'>Dolor</span> <span class='ocrx_word' id='word_1_23' title='bbox 1175 313 1360 345; x_wconf 82' lang='lat' dir='ltr'>innovetur.</span> 
     </span>
     <span class='ocr_line' id='line_1_6' title="bbox 220 368 1418 414; baseline -0.011 0"><span class='ocrx_word' id='word_1_24' title='bbox 220 381 277 414; x_wconf 71' lang='lat' dir='ltr'>Sa.</span> <span class='ocrx_word' id='word_1_25' title='bbox 303 377 369 411; x_wconf 85' lang='lat' dir='ltr'>Sed</span> <span class='ocrx_word' id='word_1_26' title='bbox 394 375 594 410; x_wconf 82' lang='lat' dir='ltr'><strong>fraudulenti</strong></span> <span class='ocrx_word' id='word_1_27' title='bbox 615 372 734 406; x_wconf 88' lang='lat' dir='ltr'>medici</span> <span class='ocrx_word' id='word_1_28' title='bbox 915 371 975 406; x_wconf 82' lang='lat' dir='ltr'>8b.</span> <span class='ocrx_word' id='word_1_29' title='bbox 996 370 1080 403; x_wconf 86' lang='lat' dir='ltr'>Nam</span> <span class='ocrx_word' id='word_1_30' title='bbox 1105 370 1263 403; x_wconf 86' lang='lat' dir='ltr'>curatoris</span> <span class='ocrx_word' id='word_1_31' title='bbox 1284 368 1418 402; x_wconf 83' lang='lat' dir='ltr'>maximi</span> 
     </span>
     <span class='ocr_line' id='line_1_7' title="bbox 304 417 1383 462; baseline -0.009 -3"><span class='ocrx_word' id='word_1_32' title='bbox 304 426 409 460; x_wconf 84' lang='lat' dir='ltr'>Curae</span> <span class='ocrx_word' id='word_1_33' title='bbox 432 433 496 457; x_wconf 91' lang='lat' dir='ltr'>non</span> <span class='ocrx_word' id='word_1_34' title='bbox 523 425 614 455; x_wconf 88' lang='lat' dir='ltr'>curat</span> <span class='ocrx_word' id='word_1_35' title='bbox 636 421 752 462; x_wconf 89' lang='lat' dir='ltr'>subjici</span> <span class='ocrx_word' id='word_1_36' title='bbox 1001 418 1156 452; x_wconf 85' lang='lat' dir='ltr'>Certabat</span> <span class='ocrx_word' id='word_1_37' title='bbox 1179 427 1242 458; x_wconf 90' lang='lat' dir='ltr'>ope</span> <span class='ocrx_word' id='word_1_38' title='bbox 1267 417 1383 451; x_wconf 83' lang='lat' dir='ltr'><strong>redimi</strong></span> 
     </span>
     <span class='ocr_line' id='line_1_8' title="bbox 302 464 1415 508; baseline -0.01 0"><span class='ocrx_word' id='word_1_39' title='bbox 302 473 373 508; x_wconf 82' lang='lat' dir='ltr'>Nec</span> <span class='ocrx_word' id='word_1_40' title='bbox 397 473 431 505; x_wconf 91' lang='lat' dir='ltr'>in</span> <span class='ocrx_word' id='word_1_41' title='bbox 455 470 642 505; x_wconf 83' lang='lat' dir='ltr'>stramentis</span> <span class='ocrx_word' id='word_1_42' title='bbox 667 467 758 502; x_wconf 87' lang='lat' dir='ltr'>refici</span> <span class='ocrx_word' id='word_1_43' title='bbox 999 468 1122 502; x_wconf 88' lang='lat' dir='ltr'>Volens</span> <span class='ocrx_word' id='word_1_44' title='bbox 1144 467 1177 499; x_wconf 90' lang='lat' dir='ltr'>in</span> <span class='ocrx_word' id='word_1_45' title='bbox 1202 467 1274 507; x_wconf 89' lang='lat' dir='ltr'>ipso</span> <span class='ocrx_word' id='word_1_46' title='bbox 1300 464 1415 507; x_wconf 85' lang='lat' dir='ltr'>perimi</span> 
     </span>
     <span class='ocr_line' id='line_1_9' title="bbox 347 513 1489 559; baseline -0.007 -6"><span class='ocrx_word' id='word_1_47' title='bbox 347 521 484 555; x_wconf 81' lang='lat' dir='ltr'>Carnem</span> <span class='ocrx_word' id='word_1_48' title='bbox 499 521 722 559; x_wconf 77' lang='lat' dir='ltr'><strong>consumptam</strong></span> <span class='ocrx_word' id='word_1_49' title='bbox 731 525 829 558; x_wconf 87' lang='lat' dir='ltr'>quae·</span> <span class='ocrx_word' id='word_1_50' title='bbox 1048 515 1142 555; x_wconf 74' lang='lat' dir='ltr'>Quod</span> <span class='ocrx_word' id='word_1_51' title='bbox 1166 515 1304 547; x_wconf 83' lang='lat' dir='ltr'>moritur</span> <span class='ocrx_word' id='word_1_52' title='bbox 1329 516 1363 546; x_wconf 88' lang='lat' dir='ltr'>et</span> <span class='ocrx_word' id='word_1_53' title='bbox 1386 513 1489 555; x_wconf 76' lang='lat' dir='ltr'>perit.</span> 
     </span>
     <span class='ocr_line' id='line_1_10' title="bbox 598 567 652 601; baseline 0.037 -2"><span class='ocrx_word' id='word_1_54' title='bbox 598 567 652 601; x_wconf 89' lang='lat' dir='ltr'>rit.</span> 
     </span>
     <span class='ocr_line' id='line_1_11' title="bbox 219 621 1256 668; baseline -0.009 -6"><span class='ocrx_word' id='word_1_55' title='bbox 219 630 276 662; x_wconf 63' lang='grc' dir='ltr'>θα.</span> <span class='ocrx_word' id='word_1_56' title='bbox 304 626 330 660; x_wconf 94' lang='grc' dir='ltr'><strong>Ο</strong></span> <span class='ocrx_word' id='word_1_57' title='bbox 356 626 518 668; x_wconf 78' lang='lat' dir='ltr'>Vincenti,</span> <span class='ocrx_word' id='word_1_58' title='bbox 916 622 975 657; x_wconf 90' lang='lat' dir='ltr'>9b.</span> <span class='ocrx_word' id='word_1_59' title='bbox 998 621 1256 654; x_wconf 85' lang='lat' dir='ltr'>Stramentorum</span> 
     </span>
     <span class='ocr_line' id='line_1_12' title="bbox 299 670 1284 714; baseline -0.007 -6"><span class='ocrx_word' id='word_1_60' title='bbox 299 674 386 708; x_wconf 86' lang='lat' dir='ltr'>Dum</span> <span class='ocrx_word' id='word_1_61' title='bbox 411 674 575 714; x_wconf 83' lang='lat' dir='ltr'>tormenti,</span> <span class='ocrx_word' id='word_1_62' title='bbox 997 670 1128 703; x_wconf 79' lang='lat' dir='ltr'>Intrans</span> <span class='ocrx_word' id='word_1_63' title='bbox 1154 670 1284 702; x_wconf 87' lang='lat' dir='ltr'>thorum</span> 
     </span>
     <span class='ocr_line' id='line_1_13' title="bbox 348 718 1244 763; baseline -0.006 -8"><span class='ocrx_word' id='word_1_64' title='bbox 348 723 491 756; x_wconf 82' lang='lat' dir='ltr'>Poenam</span> <span class='ocrx_word' id='word_1_65' title='bbox 515 721 628 763; x_wconf 84' lang='lat' dir='ltr'>sentis,</span> <span class='ocrx_word' id='word_1_66' title='bbox 1045 718 1244 759; x_wconf 79' lang='lat' dir='ltr'>Exspirasti‚</span> 
     </span>
     <span class='ocr_line' id='line_1_14' title="bbox 350 765 1296 807; baseline -0.007 -3"><span class='ocrx_word' id='word_1_67' title='bbox 350 772 388 805; x_wconf 93' lang='lat' dir='ltr'>In</span> <span class='ocrx_word' id='word_1_68' title='bbox 411 770 580 803; x_wconf 86' lang='lat' dir='ltr'>tormentis</span> <span class='ocrx_word' id='word_1_69' title='bbox 1047 766 1139 806; x_wconf 83' lang='lat' dir='ltr'>Quod</span> <span class='ocrx_word' id='word_1_70' title='bbox 1165 765 1296 807; x_wconf 86' lang='lat' dir='ltr'>optasti,</span> 
     </span>
     <span class='ocr_line' id='line_1_15' title="bbox 396 815 1306 852; baseline -0.005 0"><span class='ocrx_word' id='word_1_71' title='bbox 396 819 511 852; x_wconf 86' lang='lat' dir='ltr'>Manes</span> <span class='ocrx_word' id='word_1_72' title='bbox 537 820 635 851; x_wconf 90' lang='lat' dir='ltr'>tutus.</span> <span class='ocrx_word' id='word_1_73' title='bbox 1098 815 1306 849; x_wconf 70' lang='lat' dir='ltr'>Consecutus</span> 
     </span>
     <span class='ocr_line' id='line_1_16' title="bbox 196 872 1313 918; baseline -0.008 -6"><span class='ocrx_word' id='word_1_74' title='bbox 196 879 276 912; x_wconf 83' lang='lat' dir='ltr'>10a.</span> <span class='ocrx_word' id='word_1_75' title='bbox 305 876 429 918; x_wconf 83' lang='lat' dir='ltr'>Corpus</span> <span class='ocrx_word' id='word_1_76' title='bbox 456 875 612 918; x_wconf 85' lang='lat' dir='ltr'>examine,</span> <span class='ocrx_word' id='word_1_77' title='bbox 891 873 977 909; x_wconf 86' lang='lat' dir='ltr'>10b.</span> <span class='ocrx_word' id='word_1_78' title='bbox 999 873 1102 906; x_wconf 88' lang='lat' dir='ltr'>Immo</span> <span class='ocrx_word' id='word_1_79' title='bbox 1130 872 1313 905; x_wconf 88' lang='lat' dir='ltr'>continuum</span> 
     </span>
     <span class='ocr_line' id='line_1_17' title="bbox 349 921 1352 965; baseline -0.006 -8"><span class='ocrx_word' id='word_1_80' title='bbox 349 925 443 965; x_wconf 69' lang='lat' dir='ltr'>Quod</span> <span class='ocrx_word' id='word_1_81' title='bbox 465 924 501 956; x_wconf 89' lang='lat' dir='ltr'>in</span> <span class='ocrx_word' id='word_1_82' title='bbox 525 923 672 964; x_wconf 83' lang='lat' dir='ltr'>patibulo</span> <span class='ocrx_word' id='word_1_83' title='bbox 1049 921 1160 954; x_wconf 85' lang='lat' dir='ltr'>Scelus</span> <span class='ocrx_word' id='word_1_84' title='bbox 1187 922 1352 961; x_wconf 77' lang='lat' dir='ltr'>exagerat,</span> 
     </span>
     <span class='ocr_line' id='line_1_18' title="bbox 302 968 1354 1011; baseline -0.006 -6"><span class='ocrx_word' id='word_1_85' title='bbox 302 974 432 1006; x_wconf 82' lang='lat' dir='ltr'>Victum</span> <span class='ocrx_word' id='word_1_86' title='bbox 458 974 508 1004; x_wconf 87' lang='lat' dir='ltr'>est</span> <span class='ocrx_word' id='word_1_87' title='bbox 527 971 668 1011; x_wconf 88' lang='lat' dir='ltr'>minime,</span> <span class='ocrx_word' id='word_1_88' title='bbox 999 969 1108 1002; x_wconf 87' lang='lat' dir='ltr'>Saevit</span> <span class='ocrx_word' id='word_1_89' title='bbox 1133 968 1168 1000; x_wconf 90' lang='lat' dir='ltr'>in</span> <span class='ocrx_word' id='word_1_90' title='bbox 1192 969 1354 1000; x_wconf 86' lang='lat' dir='ltr'>mortuum</span> 
     </span>
     <span class='ocr_line' id='line_1_19' title="bbox 352 1017 1404 1057; baseline -0.006 -4"><span class='ocrx_word' id='word_1_91' title='bbox 352 1021 427 1054; x_wconf 86' lang='lat' dir='ltr'>Non</span> <span class='ocrx_word' id='word_1_92' title='bbox 452 1020 530 1052; x_wconf 88' lang='lat' dir='ltr'>sinit</span> <span class='ocrx_word' id='word_1_93' title='bbox 553 1020 677 1052; x_wconf 90' lang='lat' dir='ltr'>tumulo</span> <span class='ocrx_word' id='word_1_94' title='bbox 1049 1017 1095 1051; x_wconf 89' lang='lat' dir='ltr'>Et</span> <span class='ocrx_word' id='word_1_95' title='bbox 1121 1026 1237 1057; x_wconf 82' lang='lat' dir='ltr'>corpus</span> <span class='ocrx_word' id='word_1_96' title='bbox 1262 1017 1404 1056; x_wconf 85' lang='lat' dir='ltr'>imperat</span> 
     </span>
     <span class='ocr_line' id='line_1_20' title="bbox 402 1063 1377 1108; baseline -0.005 -7"><span class='ocrx_word' id='word_1_97' title='bbox 402 1067 559 1103; x_wconf 72' lang='lat' dir='ltr'>Carnifex</span> <span class='ocrx_word' id='word_1_98' title='bbox 583 1067 709 1108; x_wconf 81' lang='lat' dir='ltr'>reponi,</span> <span class='ocrx_word' id='word_1_99' title='bbox 1096 1065 1222 1099; x_wconf 76' lang='lat' dir='ltr'>Avibus</span> <span class='ocrx_word' id='word_1_100' title='bbox 1247 1063 1377 1104; x_wconf 84' lang='lat' dir='ltr'>exponi.</span> 
     </span>
     <span class='ocr_line' id='line_1_21' title="bbox 195 1122 1296 1164; baseline -0.006 -3"><span class='ocrx_word' id='word_1_101' title='bbox 195 1127 277 1161; x_wconf 75' lang='lat' dir='ltr'>na.</span> <span class='ocrx_word' id='word_1_102' title='bbox 304 1127 391 1160; x_wconf 77' lang='lat' dir='ltr'>Aves</span> <span class='ocrx_word' id='word_1_103' title='bbox 418 1129 450 1158; x_wconf 88' lang='lat' dir='ltr'>et</span> <span class='ocrx_word' id='word_1_104' title='bbox 470 1126 594 1158; x_wconf 88' lang='lat' dir='ltr'>bestiae</span> <span class='ocrx_word' id='word_1_105' title='bbox 892 1124 976 1158; x_wconf 85' lang='lat' dir='ltr'>11b.</span> <span class='ocrx_word' id='word_1_106' title='bbox 1000 1123 1025 1157; x_wconf 97' lang='grc' dir='ltr'>Ο</span> <span class='ocrx_word' id='word_1_107' title='bbox 1051 1123 1135 1156; x_wconf 89' lang='lat' dir='ltr'>mira</span> <span class='ocrx_word' id='word_1_108' title='bbox 1157 1122 1296 1164; x_wconf 86' lang='lat' dir='ltr'>novitas,</span> 
     </span>
     <span class='ocr_line' id='line_1_22' title="bbox 350 1171 1378 1213; baseline -0.005 -6"><span class='ocrx_word' id='word_1_109' title='bbox 350 1174 515 1208; x_wconf 81' lang='lat' dir='ltr'>Praebent</span> <span class='ocrx_word' id='word_1_110' title='bbox 538 1171 736 1213; x_wconf 86' lang='lat' dir='ltr'>obsequium,</span> <span class='ocrx_word' id='word_1_111' title='bbox 1046 1173 1077 1204; x_wconf 87' lang='lat' dir='ltr'><strong>A</strong></span> <span class='ocrx_word' id='word_1_112' title='bbox 1103 1171 1207 1203; x_wconf 88' lang='lat' dir='ltr'>brutis</span> <span class='ocrx_word' id='word_1_113' title='bbox 1232 1171 1378 1203; x_wconf 89' lang='lat' dir='ltr'>noscitur</span> 
     </span>
     <span class='ocr_line' id='line_1_23' title="bbox 305 1219 1371 1258; baseline -0.007 -1"><span class='ocrx_word' id='word_1_114' title='bbox 305 1222 440 1257; x_wconf 84' lang='lat' dir='ltr'>Gratum</span> <span class='ocrx_word' id='word_1_115' title='bbox 467 1222 633 1254; x_wconf 80' lang='lat' dir='ltr'>custodiae</span> <span class='ocrx_word' id='word_1_116' title='bbox 999 1220 1037 1254; x_wconf 85' lang='lat' dir='ltr'>In</span> <span class='ocrx_word' id='word_1_117' title='bbox 1065 1221 1177 1251; x_wconf 83' lang='lat' dir='ltr'>sancto</span> <span class='ocrx_word' id='word_1_118' title='bbox 1203 1219 1371 1258; x_wconf 79' lang='lat' dir='ltr'>sanctitas,</span> 
     </span>
     <span class='ocr_line' id='line_1_24' title="bbox 349 1265 1367 1308; baseline -0.005 -5"><span class='ocrx_word' id='word_1_119' title='bbox 349 1271 508 1303; x_wconf 84' lang='lat' dir='ltr'>Verentes</span> <span class='ocrx_word' id='word_1_120' title='bbox 536 1268 669 1302; x_wconf 84' lang='lat' dir='ltr'>noxium</span> <span class='ocrx_word' id='word_1_121' title='bbox 1045 1267 1092 1301; x_wconf 81' lang='lat' dir='ltr'>Et</span> <span class='ocrx_word' id='word_1_122' title='bbox 1113 1267 1216 1308; x_wconf 73' lang='lat' dir='ltr'>judex</span> <span class='ocrx_word' id='word_1_123' title='bbox 1240 1265 1367 1299; x_wconf 83' lang='lat' dir='ltr'>fallitur</span> 
     </span>
     <span class='ocr_line' id='line_1_25' title="bbox 404 1313 1477 1351; baseline -0.002 -1"><span class='ocrx_word' id='word_1_124' title='bbox 404 1318 540 1351; x_wconf 72' lang='lat' dir='ltr'>Tantum</span> <span class='ocrx_word' id='word_1_125' title='bbox 566 1316 734 1351; x_wconf 84' lang='lat' dir='ltr'>adhibere.</span> <span class='ocrx_word' id='word_1_126' title='bbox 1097 1315 1168 1348; x_wconf 82' lang='lat' dir='ltr'>Nec</span> <span class='ocrx_word' id='word_1_127' title='bbox 1193 1314 1352 1347; x_wconf 82' lang='lat' dir='ltr'>falluntur</span> <span class='ocrx_word' id='word_1_128' title='bbox 1377 1313 1477 1348; x_wconf 85' lang='lat' dir='ltr'>ferae.</span> 
     </span>
     <span class='ocr_line' id='line_1_26' title="bbox 197 1371 1503 1414; baseline -0.004 -3"><span class='ocrx_word' id='word_1_129' title='bbox 197 1377 278 1411; x_wconf 84' lang='lat' dir='ltr'>12a.</span> <span class='ocrx_word' id='word_1_130' title='bbox 306 1375 451 1409; x_wconf 87' lang='lat' dir='ltr'>Tandem</span> <span class='ocrx_word' id='word_1_131' title='bbox 476 1383 633 1414; x_wconf 86' lang='lat' dir='ltr'>suspensa</span> <span class='ocrx_word' id='word_1_132' title='bbox 657 1373 786 1414; x_wconf 79' lang='lat' dir='ltr'>corpori</span> <span class='ocrx_word' id='word_1_133' title='bbox 893 1373 977 1408; x_wconf 84' lang='lat' dir='ltr'>12b.</span> <span class='ocrx_word' id='word_1_134' title='bbox 1000 1373 1094 1413; x_wconf 80' lang='lat' dir='ltr'>Quod</span> <span class='ocrx_word' id='word_1_135' title='bbox 1116 1376 1246 1405; x_wconf 86' lang='lat' dir='ltr'>nactum</span> <span class='ocrx_word' id='word_1_136' title='bbox 1269 1373 1347 1405; x_wconf 84' lang='lat' dir='ltr'>litus</span> <span class='ocrx_word' id='word_1_137' title='bbox 1373 1371 1503 1414; x_wconf 78' lang='lat' dir='ltr'>sabulo,</span> 
     </span>
     <span class='ocr_line' id='line_1_27' title="bbox 303 1421 1463 1462; baseline -0.004 -5"><span class='ocrx_word' id='word_1_138' title='bbox 303 1423 396 1457; x_wconf 87' lang='lat' dir='ltr'>Mola</span> <span class='ocrx_word' id='word_1_139' title='bbox 419 1423 593 1456; x_wconf 85' lang='lat' dir='ltr'>mandatur</span> <span class='ocrx_word' id='word_1_140' title='bbox 617 1421 748 1462; x_wconf 87' lang='lat' dir='ltr'>aequori</span> <span class='ocrx_word' id='word_1_141' title='bbox 1000 1421 1180 1462; x_wconf 84' lang='lat' dir='ltr'>Repertnm</span> <span class='ocrx_word' id='word_1_142' title='bbox 1206 1421 1313 1453; x_wconf 85' lang='lat' dir='ltr'>claudi</span> <span class='ocrx_word' id='word_1_143' title='bbox 1339 1421 1463 1453; x_wconf 83' lang='lat' dir='ltr'>tumulo</span> 
     </span>
     <span class='ocr_line' id='line_1_28' title="bbox 353 1469 1336 1508; baseline -0.003 -4"><span class='ocrx_word' id='word_1_144' title='bbox 353 1471 480 1504; x_wconf 62' lang='lat' dir='ltr'>»Iudicis</span> <span class='ocrx_word' id='word_1_145' title='bbox 504 1469 668 1508; x_wconf 80' lang='lat' dir='ltr'>mandato,</span> <span class='ocrx_word' id='word_1_146' title='bbox 1049 1469 1174 1502; x_wconf 78' lang='lat' dir='ltr'>Meruit</span> <span class='ocrx_word' id='word_1_147' title='bbox 1197 1472 1336 1504; x_wconf 85' lang='lat' dir='ltr'>sacrato.</span> 
     </span>
     <span class='ocr_line' id='line_1_29' title="bbox 197 1526 1513 1571; baseline -0.003 -8"><span class='ocrx_word' id='word_1_148' title='bbox 197 1529 277 1563; x_wconf 78' lang='lat' dir='ltr'>lea.</span> <span class='ocrx_word' id='word_1_149' title='bbox 306 1529 332 1562; x_wconf 96' lang='lat' dir='ltr'>O</span> <span class='ocrx_word' id='word_1_150' title='bbox 358 1528 519 1571; x_wconf 75' lang='lat' dir='ltr'>Vincenti,</span> <span class='ocrx_word' id='word_1_151' title='bbox 546 1528 601 1568; x_wconf 89' lang='lat' dir='ltr'>qui</span> <span class='ocrx_word' id='word_1_152' title='bbox 627 1526 743 1566; x_wconf 88' lang='lat' dir='ltr'>vicisti,</span> <span class='ocrx_word' id='word_1_153' title='bbox 895 1527 978 1562; x_wconf 86' lang='lat' dir='ltr'>13b.</span> <span class='ocrx_word' id='word_1_154' title='bbox 1002 1527 1068 1560; x_wconf 89' lang='lat' dir='ltr'>Ora</span> <span class='ocrx_word' id='word_1_155' title='bbox 1094 1526 1257 1559; x_wconf 78' lang='lat' dir='ltr'>Christum</span> <span class='ocrx_word' id='word_1_156' title='bbox 1283 1536 1343 1567; x_wconf 89' lang='lat' dir='ltr'>pro</span> <span class='ocrx_word' id='word_1_157' title='bbox 1371 1527 1513 1568; x_wconf 72' lang='lat' dir='ltr'>devotis,</span> 
     </span>
     <span class='ocr_line' id='line_1_30' title="bbox 303 1574 1462 1618; baseline -0.003 -8"><span class='ocrx_word' id='word_1_158' title='bbox 303 1576 400 1610; x_wconf 83' lang='lat' dir='ltr'>Miles</span> <span class='ocrx_word' id='word_1_159' title='bbox 427 1575 531 1618; x_wconf 89' lang='lat' dir='ltr'>fortis,</span> <span class='ocrx_word' id='word_1_160' title='bbox 556 1575 649 1607; x_wconf 90' lang='lat' dir='ltr'>miles</span> <span class='ocrx_word' id='word_1_161' title='bbox 678 1575 809 1616; x_wconf 78' lang='lat' dir='ltr'>Christi,</span> <span class='ocrx_word' id='word_1_162' title='bbox 1005 1574 1053 1608; x_wconf 92' lang='lat' dir='ltr'>Ut</span> <span class='ocrx_word' id='word_1_163' title='bbox 1076 1575 1213 1607; x_wconf 86' lang='lat' dir='ltr'>salutem</span> <span class='ocrx_word' id='word_1_164' title='bbox 1241 1575 1297 1607; x_wconf 87' lang='lat' dir='ltr'>det</span> <span class='ocrx_word' id='word_1_165' title='bbox 1321 1574 1462 1616; x_wconf 84' lang='lat' dir='ltr'>aegrotis</span> 
     </span>
     <span class='ocr_line' id='line_1_31' title="bbox 353 1623 1428 1664; baseline -0.003 -6"><span class='ocrx_word' id='word_1_166' title='bbox 353 1626 468 1658; x_wconf 84' lang='lat' dir='ltr'>Victor</span> <span class='ocrx_word' id='word_1_167' title='bbox 492 1623 713 1663; x_wconf 82' lang='lat' dir='ltr'>invictissime,</span> <span class='ocrx_word' id='word_1_168' title='bbox 1053 1623 1206 1664; x_wconf 85' lang='lat' dir='ltr'>Corporis</span> <span class='ocrx_word' id='word_1_169' title='bbox 1232 1627 1263 1655; x_wconf 87' lang='lat' dir='ltr'>et</span> <span class='ocrx_word' id='word_1_170' title='bbox 1291 1624 1428 1656; x_wconf 89' lang='lat' dir='ltr'>animae.</span> 
     </span>
    </p>
   </div>
   <div class='ocr_carea' id='block_1_3' title="bbox 196 1686 1541 1835">
    <p class='ocr_par' dir='ltr' id='par_1_3' title="bbox 196 1686 1541 1835">
     <span class='ocr_line' id='line_1_32' title="bbox 273 1686 1538 1727; baseline 0 -9"><span class='ocrx_word' id='word_1_171' title='bbox 273 1690 357 1719; x_wconf 77' lang='lat' dir='ltr'>Miss.</span> <span class='ocrx_word' id='word_1_172' title='bbox 384 1699 438 1718; x_wconf 85' lang='lat' dir='ltr'>ms.</span> <span class='ocrx_word' id='word_1_173' title='bbox 465 1690 666 1727; x_wconf 82' lang='lat' dir='ltr'>Vergiaccnse</span> <span class='ocrx_word' id='word_1_174' title='bbox 694 1697 771 1718; x_wconf 84' lang='lat' dir='ltr'>saec.</span> <span class='ocrx_word' id='word_1_175' title='bbox 802 1687 848 1718; x_wconf 64' lang='lat'>13.</span> <span class='ocrx_word' id='word_1_176' title='bbox 875 1690 915 1717; x_wconf 79' lang='lat' dir='ltr'>in.</span> <span class='ocrx_word' id='word_1_177' title='bbox 943 1689 1015 1718; x_wconf 85' lang='lat' dir='ltr'>Cod.</span> <span class='ocrx_word' id='word_1_178' title='bbox 1034 1689 1160 1718; x_wconf 78' lang='lat' dir='ltr'>Dolens.</span> <span class='ocrx_word' id='word_1_179' title='bbox 1187 1686 1234 1718; x_wconf 80' lang='lat'>48.</span> <span class='ocrx_word' id='word_1_180' title='bbox 1258 1689 1326 1718; x_wconf 63' lang='lat' dir='ltr'>Mis.</span> <span class='ocrx_word' id='word_1_181' title='bbox 1346 1690 1410 1718; x_wconf 80' lang='lat' dir='ltr'>Mei</span> <span class='ocrx_word' id='word_1_182' title='bbox 1435 1690 1471 1718; x_wconf 93' lang='lat' dir='ltr'>A.</span> <span class='ocrx_word' id='word_1_183' title='bbox 1497 1704 1538 1708; x_wconf 92' lang='lat'><strong>—</strong></span> 
     </span>
     <span class='ocr_line' id='line_1_33' title="bbox 196 1726 1538 1758; baseline -0.001 -1"><span class='ocrx_word' id='word_1_184' title='bbox 196 1730 280 1758; x_wconf 86' lang='lat' dir='ltr'>Miss.</span> <span class='ocrx_word' id='word_1_185' title='bbox 301 1737 355 1757; x_wconf 88' lang='lat' dir='ltr'>ms.</span> <span class='ocrx_word' id='word_1_186' title='bbox 369 1729 561 1757; x_wconf 78' lang='lat' dir='ltr'>Bisuntinnm</span> <span class='ocrx_word' id='word_1_187' title='bbox 582 1736 659 1757; x_wconf 87' lang='lat' dir='ltr'>saec.</span> <span class='ocrx_word' id='word_1_188' title='bbox 683 1726 726 1756; x_wconf 87' lang='lat'>14.</span> <span class='ocrx_word' id='word_1_189' title='bbox 749 1728 822 1756; x_wconf 82' lang='lat' dir='ltr'>Cod.</span> <span class='ocrx_word' id='word_1_190' title='bbox 837 1729 986 1757; x_wconf 74' lang='lat' dir='ltr'>Bisuntin.</span> <span class='ocrx_word' id='word_1_191' title='bbox 1010 1726 1056 1755; x_wconf 87' lang='grc'>72.</span> <span class='ocrx_word' id='word_1_192' title='bbox 1073 1728 1108 1757; x_wconf 92' lang='grc' dir='ltr'>Β.</span> <span class='ocrx_word' id='word_1_193' title='bbox 1123 1744 1163 1749; x_wconf 84' lang='grc'>-</span> <span class='ocrx_word' id='word_1_194' title='bbox 1175 1729 1260 1757; x_wconf 87' lang='lat' dir='ltr'>Miss.</span> <span class='ocrx_word' id='word_1_195' title='bbox 1275 1737 1330 1757; x_wconf 83' lang='lat' dir='ltr'>ms.</span> <span class='ocrx_word' id='word_1_196' title='bbox 1344 1729 1538 1757; x_wconf 82' lang='lat' dir='ltr'>Bisuntinum</span> 
     </span>
     <span class='ocr_line' id='line_1_34' title="bbox 198 1765 1541 1797; baseline 0 -2"><span class='ocrx_word' id='word_1_197' title='bbox 198 1776 274 1796; x_wconf 86' lang='lat' dir='ltr'>saec.</span> <span class='ocrx_word' id='word_1_198' title='bbox 302 1765 346 1796; x_wconf 84' lang='lat'>15.</span> <span class='ocrx_word' id='word_1_199' title='bbox 368 1767 440 1795; x_wconf 83' lang='lat' dir='ltr'>Cod.</span> <span class='ocrx_word' id='word_1_200' title='bbox 461 1768 611 1796; x_wconf 80' lang='lat' dir='ltr'>Bisuntin.</span> <span class='ocrx_word' id='word_1_201' title='bbox 637 1765 684 1795; x_wconf 81' lang='lat'>75.</span> <span class='ocrx_word' id='word_1_202' title='bbox 707 1767 738 1795; x_wconf 90' lang='lat' dir='ltr'>C.</span> <span class='ocrx_word' id='word_1_203' title='bbox 758 1783 798 1788; x_wconf 84' lang='lat'>—</span> <span class='ocrx_word' id='word_1_204' title='bbox 817 1768 902 1796; x_wconf 88' lang='lat' dir='ltr'>Miss.</span> <span class='ocrx_word' id='word_1_205' title='bbox 929 1776 983 1795; x_wconf 88' lang='lat' dir='ltr'>ms.</span> <span class='ocrx_word' id='word_1_206' title='bbox 1004 1767 1197 1795; x_wconf 81' lang='lat' dir='ltr'>Bisuntinum</span> <span class='ocrx_word' id='word_1_207' title='bbox 1229 1765 1273 1796; x_wconf 86' lang='lat'>15.</span> <span class='ocrx_word' id='word_1_208' title='bbox 1298 1767 1362 1796; x_wconf 82' lang='lat' dir='ltr'>Cod</span> <span class='ocrx_word' id='word_1_209' title='bbox 1382 1768 1541 1797; x_wconf 75' lang='lat' dir='ltr'>Besanfin-</span> 
     </span>
     <span class='ocr_line' id='line_1_35' title="bbox 199 1804 1296 1835; baseline -0.001 -1"><span class='ocrx_word' id='word_1_210' title='bbox 199 1805 244 1834; x_wconf 83' lang='lat'>74.</span> <span class='ocrx_word' id='word_1_211' title='bbox 265 1806 302 1834; x_wconf 91' lang='lat' dir='ltr'>D.</span> <span class='ocrx_word' id='word_1_212' title='bbox 325 1820 361 1826; x_wconf 77' lang='lat'>-—-</span> <span class='ocrx_word' id='word_1_213' title='bbox 384 1806 454 1834; x_wconf 88' lang='lat' dir='ltr'>Mis.</span> <span class='ocrx_word' id='word_1_214' title='bbox 474 1814 528 1834; x_wconf 86' lang='lat' dir='ltr'>ms.</span> <span class='ocrx_word' id='word_1_215' title='bbox 549 1806 740 1835; x_wconf 85' lang='lat' dir='ltr'>Bisuntinum</span> <span class='ocrx_word' id='word_1_216' title='bbox 761 1814 838 1835; x_wconf 82' lang='lat' dir='ltr'>saec.</span> <span class='ocrx_word' id='word_1_217' title='bbox 861 1804 906 1834; x_wconf 88' lang='lat'>15.</span> <span class='ocrx_word' id='word_1_218' title='bbox 928 1805 1000 1834; x_wconf 89' lang='lat' dir='ltr'>Cod.</span> <span class='ocrx_word' id='word_1_219' title='bbox 1020 1807 1169 1835; x_wconf 85' lang='lat' dir='ltr'>Bisuntin.</span> <span class='ocrx_word' id='word_1_220' title='bbox 1191 1804 1237 1835; x_wconf 79' lang='lat'>74.</span> <span class='ocrx_word' id='word_1_221' title='bbox 1258 1806 1296 1835; x_wconf 87' lang='grc' dir='ltr'>Ε.</span> 
     </span>
    </p>
   </div>
   <div class='ocr_carea' id='block_1_4' title="bbox 198 1898 1415 2012">
    <p class='ocr_par' dir='ltr' id='par_1_4' title="bbox 198 1898 1415 2012">
     <span class='ocr_line' id='line_1_36' title="bbox 628 1898 1108 1932; baseline 0 -1"><span class='ocrx_word' id='word_1_222' title='bbox 628 1899 698 1932; x_wconf 83' lang='grc'><strong>436.</strong></span> <span class='ocrx_word' id='word_1_223' title='bbox 737 1899 782 1932; x_wconf 85' lang='lat' dir='ltr'>De</span> <span class='ocrx_word' id='word_1_224' title='bbox 805 1900 912 1932; x_wconf 84' lang='lat' dir='ltr'>sancto</span> <span class='ocrx_word' id='word_1_225' title='bbox 931 1898 1108 1932; x_wconf 84' lang='lat' dir='ltr'>Vincentio.</span> 
     </span>
     <span class='ocr_line' id='line_1_37' title="bbox 198 1970 1415 2012; baseline 0.002 -10"><span class='ocrx_word' id='word_1_226' title='bbox 198 1971 255 2006; x_wconf 81' lang='lat' dir='ltr'>la,</span> <span class='ocrx_word' id='word_1_227' title='bbox 282 1970 389 2003; x_wconf 82' lang='lat' dir='ltr'>Adest</span> <span class='ocrx_word' id='word_1_228' title='bbox 414 1970 483 2003; x_wconf 86' lang='lat' dir='ltr'>dies</span> <span class='ocrx_word' id='word_1_229' title='bbox 508 1971 660 2012; x_wconf 87' lang='lat' dir='ltr'>gloriosa,</span> <span class='ocrx_word' id='word_1_230' title='bbox 895 1971 955 2005; x_wconf 81' lang='lat' dir='ltr'>ib.</span> <span class='ocrx_word' id='word_1_231' title='bbox 979 1971 1065 2004; x_wconf 89' lang='lat' dir='ltr'>Dum</span> <span class='ocrx_word' id='word_1_232' title='bbox 1091 1971 1255 2003; x_wconf 89' lang='lat' dir='ltr'>Vincentii</span> <span class='ocrx_word' id='word_1_233' title='bbox 1280 1971 1415 2011; x_wconf 78' lang='lat' dir='ltr'>spinosa.</span> 
     </span>
    </p>
   </div>
   <div class='ocr_carea' id='block_1_5' title="bbox 199 2018 1503 2372">
    <p class='ocr_par' dir='ltr' id='par_1_5' title="bbox 199 2018 1503 2372">
     <span class='ocr_line' id='line_1_38' title="bbox 276 2018 1435 2059; baseline 0.003 -9"><span class='ocrx_word' id='word_1_234' title='bbox 276 2019 317 2051; x_wconf 85' lang='lat' dir='ltr'>In</span> <span class='ocrx_word' id='word_1_235' title='bbox 342 2027 406 2059; x_wconf 82' lang='lat' dir='ltr'>qua</span> <span class='ocrx_word' id='word_1_236' title='bbox 430 2018 612 2052; x_wconf 82' lang='lat' dir='ltr'>rubicunda</span> <span class='ocrx_word' id='word_1_237' title='bbox 634 2028 711 2052; x_wconf 87' lang='lat' dir='ltr'>rosa</span> <span class='ocrx_word' id='word_1_238' title='bbox 976 2020 1017 2053; x_wconf 88' lang='lat' dir='ltr'>In</span> <span class='ocrx_word' id='word_1_239' title='bbox 1042 2020 1156 2059; x_wconf 84' lang='lat' dir='ltr'>stipite</span> <span class='ocrx_word' id='word_1_240' title='bbox 1178 2028 1267 2052; x_wconf 81' lang='lat' dir='ltr'>mors</span> <span class='ocrx_word' id='word_1_241' title='bbox 1291 2028 1435 2059; x_wconf 79' lang='lat' dir='ltr'>poenosa</span> 
     </span>
     <span class='ocr_line' id='line_1_39' title="bbox 327 2066 1388 2102; baseline 0.001 -2"><span class='ocrx_word' id='word_1_242' title='bbox 327 2067 479 2100; x_wconf 83' lang='lat' dir='ltr'>Vernans</span> <span class='ocrx_word' id='word_1_243' title='bbox 509 2068 597 2100; x_wconf 90' lang='lat' dir='ltr'>coelo</span> <span class='ocrx_word' id='word_1_244' title='bbox 623 2067 784 2101; x_wconf 86' lang='lat' dir='ltr'>redditur.</span> <span class='ocrx_word' id='word_1_245' title='bbox 1026 2068 1127 2101; x_wconf 89' lang='lat' dir='ltr'>Flore</span> <span class='ocrx_word' id='word_1_246' title='bbox 1151 2066 1234 2101; x_wconf 89' lang='lat' dir='ltr'>fides</span> <span class='ocrx_word' id='word_1_247' title='bbox 1261 2068 1388 2102; x_wconf 87' lang='lat' dir='ltr'>colitur.</span> 
     </span>
     <span class='ocr_line' id='line_1_40' title="bbox 201 2123 1357 2170; baseline 0.001 -13"><span class='ocrx_word' id='word_1_248' title='bbox 201 2125 258 2159; x_wconf 73' lang='lat' dir='ltr'>Za.</span> <span class='ocrx_word' id='word_1_249' title='bbox 281 2124 435 2158; x_wconf 87' lang='lat' dir='ltr'>Minister</span> <span class='ocrx_word' id='word_1_250' title='bbox 458 2123 497 2157; x_wconf 91' lang='lat' dir='ltr'>fit</span> <span class='ocrx_word' id='word_1_251' title='bbox 524 2125 659 2166; x_wconf 87' lang='lat' dir='ltr'>Valerii,</span> <span class='ocrx_word' id='word_1_252' title='bbox 896 2126 956 2158; x_wconf 88' lang='lat' dir='ltr'>2b.</span> <span class='ocrx_word' id='word_1_253' title='bbox 979 2125 1045 2158; x_wconf 87' lang='lat' dir='ltr'>Sed</span> <span class='ocrx_word' id='word_1_254' title='bbox 1069 2126 1214 2167; x_wconf 87' lang='lat' dir='ltr'>praesuli</span> <span class='ocrx_word' id='word_1_255' title='bbox 1241 2126 1357 2170; x_wconf 85' lang='lat' dir='ltr'>exsilii,</span> 
     </span>
     <span class='ocr_line' id='line_1_41' title="bbox 282 2172 1314 2216; baseline 0.002 -11"><span class='ocrx_word' id='word_1_256' title='bbox 282 2172 342 2212; x_wconf 76' lang='lat' dir='ltr'>Qui</span> <span class='ocrx_word' id='word_1_257' title='bbox 365 2173 505 2207; x_wconf 68' lang='lat' dir='ltr'>Deciani</span> <span class='ocrx_word' id='word_1_258' title='bbox 529 2173 621 2214; x_wconf 86' lang='lat' dir='ltr'>impii</span> <span class='ocrx_word' id='word_1_259' title='bbox 977 2173 1133 2206; x_wconf 85' lang='lat' dir='ltr'>Ministro</span> <span class='ocrx_word' id='word_1_260' title='bbox 1162 2174 1314 2216; x_wconf 78' lang='lat' dir='ltr'>martyrii</span> 
     </span>
     <span class='ocr_line' id='line_1_42' title="bbox 330 2220 1481 2264; baseline 0.003 -10"><span class='ocrx_word' id='word_1_261' title='bbox 330 2220 486 2254; x_wconf 81' lang='lat' dir='ltr'>Errorem</span> <span class='ocrx_word' id='word_1_262' title='bbox 509 2222 687 2264; x_wconf 81' lang='lat' dir='ltr'>redarguit,</span> <span class='ocrx_word' id='word_1_263' title='bbox 1026 2222 1166 2256; x_wconf 84' lang='lat' dir='ltr'>Praeses</span> <span class='ocrx_word' id='word_1_264' title='bbox 1190 2231 1330 2264; x_wconf 83' lang='lat' dir='ltr'>poenam</span> <span class='ocrx_word' id='word_1_265' title='bbox 1353 2223 1481 2260; x_wconf 83' lang='lat' dir='ltr'>tribuit.</span> 
     </span>
     <span class='ocr_line' id='line_1_43' title="bbox 199 2277 1503 2316; baseline 0.004 -6"><span class='ocrx_word' id='word_1_266' title='bbox 199 2277 256 2311; x_wconf 84' lang='lat' dir='ltr'>3a.</span> <span class='ocrx_word' id='word_1_267' title='bbox 283 2278 425 2311; x_wconf 87' lang='lat' dir='ltr'>Vicentii</span> <span class='ocrx_word' id='word_1_268' title='bbox 451 2279 657 2311; x_wconf 89' lang='lat' dir='ltr'>denudantur</span> <span class='ocrx_word' id='word_1_269' title='bbox 897 2279 956 2315; x_wconf 80' lang='lat' dir='ltr'>3b.</span> <span class='ocrx_word' id='word_1_270' title='bbox 979 2279 1083 2313; x_wconf 87' lang='lat' dir='ltr'>Ferro</span> <span class='ocrx_word' id='word_1_271' title='bbox 1110 2289 1225 2313; x_wconf 84' lang='lat' dir='ltr'>carnes</span> <span class='ocrx_word' id='word_1_272' title='bbox 1252 2286 1503 2316; x_wconf 84' lang='lat' dir='ltr'>concremantur</span> 
     </span>
     <span class='ocr_line' id='line_1_44' title="bbox 284 2326 1467 2372; baseline 0.004 -14"><span class='ocrx_word' id='word_1_273' title='bbox 284 2326 428 2367; x_wconf 82' lang='lat' dir='ltr'>Viscera,</span> <span class='ocrx_word' id='word_1_274' title='bbox 455 2327 524 2359; x_wconf 86' lang='lat' dir='ltr'>sale</span> <span class='ocrx_word' id='word_1_275' title='bbox 546 2326 707 2360; x_wconf 82' lang='lat' dir='ltr'>fricantur</span> <span class='ocrx_word' id='word_1_276' title='bbox 981 2327 1144 2369; x_wconf 85' lang='lat' dir='ltr'>Sanguine</span> <span class='ocrx_word' id='word_1_277' title='bbox 1167 2338 1294 2370; x_wconf 85' lang='lat' dir='ltr'>prunae</span> <span class='ocrx_word' id='word_1_278' title='bbox 1317 2330 1467 2372; x_wconf 82' lang='lat' dir='ltr'>rigantur</span> 
     </span>
    </p>
   </div>
   <div class='ocr_carea' id='block_1_6' title="bbox 328 2373 1391 2417">
    <p class='ocr_par' dir='ltr' id='par_1_6' title="bbox 328 2373 1391 2417">
     <span class='ocr_line' id='line_1_45' title="bbox 328 2373 1391 2417; baseline 0.004 -11"><span class='ocrx_word' id='word_1_279' title='bbox 328 2373 480 2407; x_wconf 86' lang='lat' dir='ltr'>Membra</span> <span class='ocrx_word' id='word_1_280' title='bbox 503 2375 537 2407; x_wconf 90' lang='lat' dir='ltr'>in</span> <span class='ocrx_word' id='word_1_281' title='bbox 562 2375 708 2417; x_wconf 83' lang='lat' dir='ltr'>equuleo,</span> <span class='ocrx_word' id='word_1_282' title='bbox 1033 2376 1099 2410; x_wconf 88' lang='lat' dir='ltr'>Sub</span> <span class='ocrx_word' id='word_1_283' title='bbox 1126 2377 1247 2410; x_wconf 88' lang='lat' dir='ltr'>lectulo</span> <span class='ocrx_word' id='word_1_284' title='bbox 1273 2377 1391 2411; x_wconf 84' lang='lat' dir='ltr'>ferreo.</span> 
     </span>
    </p>
   </div>
  </div>
 </body>
</html>
