1652 2678
722 121 768 126 —-
820 99 888 137 291
941 121 987 126 —-

199 197 263 230 Va.
287 196 437 238 Nobiles,
462 200 613 238 potentes
906 199 969 234 7b.
988 200 1038 232 Ac
1062 198 1126 231 viri
1150 202 1326 240 magnates,

287 245 430 287 Propria
453 246 637 286 linquentes
987 247 1152 287 Monaohi,
1178 246 1313 279 abbates

336 295 392 327 Ad
417 293 504 328 hunc
530 293 734 328 confluebant
1037 295 1197 336 Exemplo
1225 295 1396 337 degebant.

202 352 263 386 Sa.
288 351 405 385 Laude
429 351 601 393 magnifica
906 353 965 388 8b.
989 354 1052 386 Per
1076 362 1170 395 quem
1197 354 1384 386 coenobium

287 399 395 440 Hunc,
422 400 517 441 plebs
545 401 714 445 catholica,
990 402 1084 435 Istud
1110 402 1278 435 exordium

340 448 493 481 Sanctum
519 458 686 491 venerare,
1042 450 1188 491 Sumpsit
1212 450 1361 492 regulare

589 508 609 541 8
622 516 649 541 c.
674 507 846 549 Multaque
871 509 936 541 alia

676 555 769 589 Alibi
793 556 914 589 stantia

726 603 940 644 sumpserunt
963 613 1042 637 vera
1064 614 1109 638 re.

202 660 262 693 9a.
289 659 355 692 Hic
380 660 579 694 aromatibus
905 661 964 697 9b.
985 662 1039 694 Ad
1066 660 1263 703 perfectiora

288 708 333 741 Et
359 708 607 741 charismatibus
987 710 1085 743 Stetit
1108 710 1221 751 procul
1248 720 1340 743 mora

338 756 457 789 Plenus
483 765 522 788 ac
544 755 710 797 perfectus
1036 759 1067 791 A
1093 759 1162 791 Deo
1190 758 1342 793 directus.

178 814 262 847 lOa.
289 814 410 847 Frater
435 811 528 845 febre
551 816 658 845 torsus
880 814 966 849 10b.
990 817 1041 847 Ac
1065 816 1108 849 ad
1133 816 1298 856 negotium

286 861 370 894 Erat
394 861 454 894 sed
479 870 554 894 mox
576 871 710 902 prorsus
989 864 1037 897 Ob
1062 864 1292 897 monasterium

337 911 436 944 Hunc
458 910 522 943 iste
546 910 674 943 sanavit
1036 912 1141 946 Foras
1169 912 1354 947 destinavit.

180 968 223 1002 11
232 977 262 1002 a.
289 968 349 1000 Vir
375 976 488 1001 carens
514 968 645 1010 lumine,
882 969 967 1003 11b.
991 970 1088 1010 Cujus
1114 968 1281 1002 fulcimine

288 1016 470 1049 Baldracus
495 1017 635 1060 nomine,
987 1018 1087 1050 Pulsa
1113 1018 1250 1059 caligine

337 1065 393 1098 Ad
419 1067 565 1097 sanctum
592 1065 738 1106 accessit,
1038 1066 1103 1099 Hic
1127 1075 1223 1098 sanus
1249 1066 1416 1100 abscessit.

179 1122 262 1157 12a.
291 1122 400 1164 Surdi,
428 1122 526 1163 caeci,
553 1123 635 1154 muti
881 1123 965 1158 12b.
987 1123 1033 1156 Et
1058 1123 1177 1164 claudi,
1203 1123 1335 1164 turgidi,

287 1171 352 1203 Per
376 1171 463 1204 hunc
488 1173 562 1202 sunt
588 1171 677 1203 exuti
989 1171 1166 1214 Constanti,
1194 1172 1280 1204 aridi

335 1218 582 1252 Infirmitatibus
1037 1220 1110 1253 Suis
1134 1219 1353 1260 languoribus.

178 1276 260 1311 13a.
288 1277 363 1310 Non
390 1279 440 1310 est
464 1279 530 1309 tam
556 1277 671 1310 sedula
881 1277 966 1312 13b.
987 1278 1099 1318 Queat,
1128 1277 1203 1308 hinc
1228 1278 1319 1318 orgia

286 1326 392 1367 Mens,
420 1334 503 1366 quae
528 1325 685 1358 miracula
988 1326 1095 1366 Hujus
1122 1325 1241 1357 eximia

335 1374 418 1415 Ejus
444 1374 678 1414 comprendere
1039 1374 1198 1407 Conemur
1227 1373 1342 1406 colere.

178 1431 258 1466 14a.
287 1432 355 1472 Quo
381 1433 458 1473 post
481 1431 651 1464 terrestria
881 1431 965 1467 1412.
987 1432 1043 1465 Ad
1068 1431 1247 1465 aeternalia

283 1479 526 1514 Marcessibilia
989 1481 1163 1514 Pertrahat
1187 1479 1302 1511 bravia

334 1529 403 1562 Nos
429 1537 504 1561 suos
529 1531 678 1569 posteros
1037 1528 1154 1562 Secum
1181 1528 1224 1560 ad
1249 1536 1394 1568 superos.

253 1595 340 1623 Miss.
362 1604 418 1623 ms.
437 1594 646 1623 Gemetieense
666 1603 744 1623 saec.
766 1592 812 1623 15.
833 1595 906 1623 Cod.
926 1596 1140 1632 Rotomagens.
1160 1591 1228 1622 301.
1248 1594 1284 1622 A.
1306 1608 1345 1613 —-
1357 1594 1443 1622 Miss.
1463 1603 1519 1622 ms.

176 1633 386 1662 Gemeticense
406 1641 484 1662 saec.
506 1631 551 1662 15.
574 1633 646 1662 Cod.
669 1634 881 1672 Rotomagens.
903 1632 970 1663 302.
991 1635 1025 1662 B.

561 1726 626 1758 387.
666 1727 711 1759 De
732 1736 773 1759 ss.
794 1727 941 1770 Philippo
963 1729 996 1760 et
1015 1728 1142 1760 Jacobo.

178 1799 236 1833 la.
262 1799 480 1832 Advenerunt
505 1798 591 1831 cives
618 1799 700 1831 caeli
880 1799 939 1835 lb.
962 1799 1099 1832 Fascem
1126 1796 1253 1839 ferunt,
1285 1807 1399 1839 pacem
1423 1808 1520 1840 prae-

262 1896 360 1930 Unde
387 1896 498 1930 dulces
524 1898 641 1928 sonant
665 1896 752 1939 meli,
964 1895 1142 1929 Sublimari
1166 1895 1264 1928 laude
1287 1847 1412 1928 132thth

309 1945 436 1980 Jubilet
461 1944 608 1985 ecclesia,
1013 1945 1163 1987 Ipsorum
1187 1944 1370 1984 praeconia.

176 2005 236 2038 2a.
261 2004 307 2037 Hi
332 2007 409 2037 sunt
433 2001 553 2035 fratres
575 2005 608 2035 et
632 2002 728 2035 amici
881 2002 941 2037 2b.
966 2003 1176 2036 Voluntatem
1200 2003 1304 2042 patris
1329 2002 1453 2044 volunt,

261 2052 443 2086 Salvatoris
471 2051 561 2092 digni
588 2051 653 2084 dici
964 2050 1130 2092 Quidquid
1151 2050 1255 2092 jubet,
1281 2051 1347 2092 ipsi
1373 2052 1484 2085 colunt

309 2101 404 2134 Dono
431 2100 536 2135 saneti
557 2100 703 2142 spiritus,
1013 2100 1171 2141 Inspirati
1197 2100 1342 2133 coelitus.

175 2161 233 2195 3a.
261 2159 306 2193 Hi
332 2162 409 2192 sunt
435 2158 546 2191 dulces
564 2158 676 2191 Helim
700 2157 818 2199 fontes,
880 2158 940 2193 3b.
960 2158 1005 2191 Hi
1031 2162 1106 2191 sunt
1132 2158 1215 2191 coeli
1241 2161 1475 2201 corruscantes,

260 2209 484 2250 Appellantur
507 2207 575 2248 ipsi
598 2209 723 2240 montes
965 2207 1074 2240 Solum
1100 2207 1217 2240 mentis
1242 2207 1417 2249 irrigantes

309 2257 442 2290 Morum
468 2256 652 2297 eminentia,
1014 2256 1216 2298 Disciplinae
1240 2256 1364 2297 pluvia.

173 2317 235 2352 4a.
261 2316 307 2349 Hi
332 2317 484 2358 potentes
509 2316 586 2347 sunt
610 2314 759 2356 sagittae,
881 2314 943 2349 4b.
965 2315 1085 2347 Aliena
1109 2313 1198 2347 facta
1222 2317 1347 2356 vetunt,

259 2366 475 2400 Penetrantes
501 2363 602 2396 verbo
627 2363 716 2396 vitae
966 2363 1065 2396 Velut
1089 2363 1191 2397 nubes
1217 2366 1307 2397 astra
1329 2366 1448 2406 petunt

320 2415 414 2449 Dura
440 2413 548 2447 cordis
573 2412 711 2457 moenia,
1014 2413 1059 2445 Et
1083 2415 1273 2455 spernentes
1299 2412 1420 2448 infima.

1285 2469 1345 2500 19*
