1652 2678
754 96 995 132 —87—

201 193 260 226 5a.
287 191 340 225 Sis
365 193 523 237 adjutrix,
808 174 811 177 Ι
904 194 965 228 51].
988 194 1087 234 Cujus
1112 192 1196 225 votis

286 240 349 273 Dei
374 242 497 285 nutrix,
987 243 1043 275 Ad
1067 246 1101 274 te
1124 241 1202 273 totis

337 289 514 323 Christiani
538 292 662 332 populi,
1035 290 1229 331 Diriguntur
1255 290 1350 322 oculi.

200 348 257 380 621.
285 347 406 381 Natum
433 357 492 381 ora
905 348 963 382 6b.
986 348 1051 381 Sed
1078 347 1224 380 ductrice

285 396 331 428 Et
355 396 504 440 implora,
989 396 1155 430 Genitrice

334 444 386 477 Ne
411 445 505 486 plebs
532 446 600 486 ejus
624 449 749 487 pereat,
1037 445 1085 478 Te
1109 444 1152 478 ad
1177 444 1275 477 vitam
1301 443 1425 478 redeat.

688 505 719 537 7.
746 503 819 542 Dic,
848 503 901 535 dic
924 504 971 535 ei:

747 551 814 585 Fili
839 551 902 583 Dei

796 599 862 632 Sed
888 600 982 631 unice

748 647 844 688 Nate,
870 656 971 685 meus,

747 695 974 736 Supplicantes
1000 696 1137 736 respice.

274 770 392 799 Prosar.
413 780 468 798 ms.
489 771 710 799 Marchianens.
738 780 814 800 saec.
838 769 881 799 15.
903 771 974 799 Cod.
996 772 1145 800 Duacens.
1170 769 1233 798 1223.

619 892 683 925 106.
725 893 759 925 In
780 892 861 925 festo
883 894 1004 926 Mariae
1028 893 1125 926 Nix-is.

194 973 250 1006 la.
279 973 305 1006 Ο
332 974 407 1006 nive
431 974 612 1015 candidior,
902 975 960 1009 lb.
983 975 1116 1008 Cunctis
1141 977 1244 1014 stirpe
1269 974 1387 1008 cla1ior

281 1020 357 1054 Sole
380 1022 564 1063 pretiosior,
984 1023 1143 1064 Proleque
1168 1020 1348 1065 fecundior,

327 1069 446 1103 Mundi
471 1071 528 1103 lux
554 1080 699 1111 amoena,
817 1087 823 1093 -
1032 1071 1132 1112 Virgo
1156 1069 1226 1102 Deo
1250 1071 1357 1111 plena.

194 1129 252 1161 221..
281 1127 331 1160 Tu
356 1128 424 1169 nix,
452 1131 566 1161 contra
590 1129 704 1161 vitium
899 1129 958 1163 212.
982 1128 1079 1161 Stilla
1103 1127 1331 1172 laborantium,

279 1176 454 1209 Praestans
481 1175 686 1217 refrigerium
984 1177 1118 1209 Stillans
1144 1176 1207 1208 Dei
1231 1175 1344 1213 filium,

326 1224 368 1256 Vi
393 1225 440 1256 tui
465 1225 662 1266 splendoris,
1028 1225 1194 1265 Abyssum
1220 1225 1372 1258 dulcoris.

193 1283 251 1315 aa.
279 1282 329 1314 Tu
353 1282 411 1315 nix
436 1282 536 1314 missa
562 1283 696 1314 coelitus
897 1282 957 1316 3b.
981 1282 1116 1322 Quando
1141 1281 1215 1321 pius
1241 1282 1368 1322 genitus

275 1329 470 1371 Liquefacta
494 1331 625 1370 penitus
979 1330 1082 1363 Morti
1106 1329 1169 1362 fuit
1194 1330 1335 1362 traditus

324 1379 356 1410 A
382 1378 460 1411 solis
487 1379 606 1420 calore,
1031 1379 1116 1412 Prae
1141 1378 1202 1410 zeli
1229 1377 1367 1412 fervore.

191 1437 249 1469 4a.
276 1435 327 1468 Tu
350 1436 408 1469 nix
432 1436 467 1469 in
493 1437 669 1477 vaporibus
895 1437 956 1470 4b.
981 1437 1065 1469 Nam
1091 1447 1111 1470 a
1138 1435 1259 1469 Christi
1284 1437 1432 1470 manibus

275 1484 391 1517 Radiis
417 1485 578 1518 solaribus
980 1484 1096 1518 Secum
1120 1485 1156 1517 in
1182 1485 1375 1518 coelestibus

325 1532 459 1567 Sursum
485 1534 621 1574 elevata,
1026 1533 1122 1566 Nunc
1148 1542 1182 1565 es
1208 1537 1372 1567 coronata.

191 1591 248 1623 52.
275 1591 302 1624 O
327 1592 432 1632 virgo,
458 1601 555 1632 quam
578 1591 721 1624 nobilem
895 1591 955 1626 bb.
977 1591 1048 1624 Fac
1070 1592 1157 1625 hanc
1180 1591 1311 1624 turbam
1333 1591 1486 1633 flebilem,

277 1639 401 1672 Probat
425 1642 458 1672 et
482 1640 664 1672 mirabilem
979 1640 1054 1673 Tibi
1080 1640 1379 1682 commendabilem,

325 1688 392 1720 Nix
420 1688 540 1721 cadens
566 1688 625 1721 sub
653 1697 741 1729 cane,
1026 1690 1137 1731 Virgo,
1165 1687 1230 1721 frui
1256 1698 1350 1729 pane.

268 1764 354 1792 Miss.
379 1773 433 1792 ms.
461 1765 596 1793 Romano
613 1765 814 1793 -Franoisean
838 1773 914 1793 saec.
939 1764 982 1794 14.
1010 1765 1081 1794 Cod.
1107 1766 1384 1802 Oarpentoractens.
1408 1765 1471 1794 107.
1497 1782 1536 1787 --

189 1803 261 1830 Mel.
283 1803 461 1831 vermutlich
481 1803 558 1831 Veni
581 1807 683 1832 sancte
703 1805 827 1840 spiritus
849 1804 920 1832 oder
939 1805 1004 1833 Ave
1023 1806 1109 1842 virgo
1130 1805 1291 1841 virginum.

643 1917 704 1949 107.
746 1917 790 1949 De
812 1917 911 1949 beata
930 1917 1033 1949 Maria
1053 1918 1089 1949 V.

189 1998 246 2033 la.
273 1998 380 2031 Rosae
405 1999 642 2039 pulchritudini
893 1999 953 2035 lb.
978 1999 1070 2033 Sicut
1094 2009 1170 2034 rosa
1196 1998 1341 2040 floribus,

273 2047 374 2088 Virgo
398 2050 504 2080 mater
529 2047 661 2080 Domini
977 2048 1032 2082 Sic
1058 2049 1180 2081 cunctis
1209 2049 1389 2091 virginibus

322 2095 518 2137 Comparata
541 2097 671 2138 legitur,
1023 2098 1132 2131 Maria
1155 2099 1378 2139 praeponitur.

187 2154 244 2186 221.
272 2153 362 2186 Rosa
389 2153 518 2195 profert
542 2153 624 2188 folia
891 2156 951 2191 2b.
975 2155 1029 2189 Sic
1054 2156 1181 2190 Mariae
1206 2157 1333 2191 viscera

270 2202 405 2235 Rubore
427 2204 598 2237 vernantia
974 2205 1107 2238 Rubent
1130 2209 1267 2246 propter
1293 2207 1427 2240 vulnera

318 2252 383 2285 Per
408 2252 560 2287 virtutem
586 2253 682 2294 raclii,
1021 2254 1179 2288 Patientis
1201 2253 1270 2288 filii.

184 2311 242 2344 3a.
271 2310 437 2350 Quaedam
463 2313 540 2343 sunt
564 2314 596 2344 et
621 2312 691 2344 lilio
888 2313 947 2347 eb.
970 2313 1099 2346 Decens
1126 2313 1215 2345 color
1238 2314 1351 2348 niveus

266 2359 370 2392 Matri
396 2360 455 2393 sub
479 2361 635 2402 mysterio
973 2362 1082 2403 Atque
1108 2362 1207 2396 decor
1231 2372 1357 2406 aureus,

315 2409 380 2442 Dei
406 2410 627 2451 congruentia,
1022 2412 1118 2446 Folia
1146 2411 1294 2446 virentia.
