1652 2678
158 186 216 219 4a.
244 186 295 219 Tu
319 187 422 219 nostri
447 186 604 218 miserans
856 184 917 218 4b.
940 181 1087 235 Caritate
1113 182 1170 212 tua

247 235 287 267 de
312 243 453 276 superna
938 231 1037 263 nimis
1064 236 1141 260 cara

244 283 340 315 existi
363 283 483 324 patria,
937 281 974 310 tu
998 284 1060 309 nos
1089 275 1251 310 dilexeras

241 331 396 371 appetisti
424 334 545 364 nostra.
938 328 1015 358 ante
1040 324 1156 358 omnia.

159 395 216 427 5a.
243 394 331 435 Ergo
357 396 413 425 tua
856 389 915 422 5b.
940 387 1034 421 Servi
1060 385 1197 420 formam

240 442 362 483 jugiter
384 443 498 482 regnat
940 439 977 468 tu
998 444 1064 468 non
1092 435 1271 476 dedignans

241 490 398 523 altissima
426 487 596 525 divinitas3
936 483 1046 525 jungis
1074 482 1136 516 tibi
1161 484 1341 518 ecclesiam.

159 552 216 585 6a.
244 552 269 585 O
296 552 366 591 quis
390 551 456 590 jam
481 551 571 580 tanta
859 547 917 582 6b.
941 546 1012 579 Has
1037 546 1092 587 pie
1118 549 1228 579 cantat

243 599 340 639 digna
367 601 398 630 et
425 597 480 638 pia
940 603 1028 628 nunc
1054 595 1202 637 ecclesia,

244 646 375 687 pietatis
404 646 538 685 viscera,
940 644 1020 677 odas
1041 643 1165 684 jugiter
1188 647 1261 677 tuas

160 710 216 743 7a.
244 708 394 742 Jubilans
417 709 555 748 propter
579 716 696 748 magna
859 708 920 742 7b.
944 707 983 740 In
1008 709 1145 749 tantum,
1171 711 1208 740 ut
1230 717 1292 748 pro
1318 710 1428 740 nostra

243 756 424 789 dilectionis
452 755 546 793 dona,
941 759 977 788 tu
1001 756 1175 789 morereris
1201 757 1279 797 vita,

244 814 306 846 qua
330 807 368 837 tu
391 813 450 837 nos
478 804 650 844 dilexeras,
943 807 976 836 et
999 804 1173 837 reduceret
1196 805 1295 838 vitam

240 862 298 886 nos
324 856 414 885 tuum
438 852 574 893 plasma,
941 862 1039 894 mors,
1067 853 1206 895 Christe,
1233 857 1298 887 tua.

156 917 214 949 8a.
244 915 374 949 Gaudet
404 916 541 948 ecclesia
857 916 919 951 8b.
943 916 1047 957 Seque
1071 917 1318 949 mundissimam

239 965 295 1005 pia
319 973 470 1005 promere
502 964 629 996 cantica
941 964 1101 1005 praebere
1125 966 1236 998 studet
1258 966 1408 998 hostiam.

158 1027 216 1060 9a.
242 1027 330 1060 Dum
351 1026 525 1060 mortificat
858 1027 918 1062 9b.
941 1027 1038 1060 Illam
1069 1029 1105 1060 tu
1130 1037 1235 1069 serva,

240 1076 326 1108 mala
349 1076 440 1110 vitia,
946 1078 982 1108 tu
1007 1074 1168 1119 laetifica3

243 1124 378 1165 gloriam
944 1124 1026 1156 haec
1050 1126 1108 1156 tua

247 1173 323 1205 dum
351 1173 515 1205 desiderat
943 1172 1064 1205 dicitur
1088 1181 1209 1213 sponsa

238 1221 321 1254 mori
345 1223 481 1262 propter
505 1223 604 1255 tuam.
941 1221 1097 1259 sanguine
1123 1222 1276 1262 quaesita.

134 1283 215 1319 10a.
242 1284 334 1317 Haec
358 1286 488 1316 sacrata
512 1283 586 1315 aula
833 1282 918 1317 10b.
940 1283 990 1315 Tu
1014 1283 1049 1315 in
1074 1283 1132 1316 illa
1156 1283 1243 1316 bona

245 1332 363 1365 dicitur
391 1331 544 1372 ecclesia3
940 1334 1113 1373 precantes
1139 1332 1303 1364 exaudias.

132 1395 175 1428 11
187 1405 215 1430 a.
243 1396 344 1436 Quam
369 1397 532 1436 protegas,
834 1394 917 1429 iib.
939 1395 993 1427 Ad
1019 1394 1166 1437 gloriam,

243 1444 450 1484 expostulant
942 1442 1081 1485 Christe,
1108 1445 1197 1477 tuam

245 1492 430 1533 praesentia
940 1499 1001 1532 per
1024 1491 1132 1525 omnia

243 1541 396 1573 carmina.
942 1540 1081 1583 saecula,

555 1604 609 1636 12.
637 1602 684 1637 Ut
708 1603 754 1636 eis
779 1606 948 1636 aeternam

636 1651 736 1685 dones
763 1652 871 1685 vitam.

211 1729 376 1766 Trop.1ns.
398 1727 611 1756 Cameracense
630 1736 708 1756 saec.
729 1725 805 1757 1οἰ11.
827 1728 898 1757 Cod.
921 1726 1127 1757 Cameimacens
1149 1727 1196 1757 79.
1210 1730 1246 1757 A.
1261 1730 1401 1767 -Τι-ορ.
1421 1737 1477 1756 ms.

137 1768 352 1796 Cameracense
380 1775 458 1796 saec.
486 1764 511 1783 ¹¹
514 1775 562 1796 12.
586 1766 656 1795 Cod.
677 1768 882 1797 Camer.acens
903 1765 950 1796 61.
971 1767 1006 1795 B.
1027 1783 1068 1787 -—
1088 1767 1168 1797 Eine
1189 1767 1274 1797 Silbe
1292 1762 1477 1797 Uberschuss

136 1808 168 1834 in
190 1805 244 1838 212,
270 1805 284 1834 1
306 1807 368 1835 und
388 1805 439 1840 4a,
460 1805 494 1842 43
517 1805 746 1842 durchgefiihrte
765 1806 984 1835 Endassonanz
1008 1808 1040 1834 in
1061 1815 1088 1834 a.

529 1911 574 1942 57.
614 1909 649 1942 In
671 1910 877 1943 Dedicatione
896 1910 1073 1943 Ecclesiae.

713 1982 749 2011 In
770 1980 891 2012 Octava.

135 2050 194 2086 la.
220 2051 245 2084 O
272 2049 384 2083 felices
411 2054 444 2083 et
466 2051 555 2083 beati
837 2051 896 2084 lb.
919 2052 1011 2084 Haec
1029 2053 1088 2090 est,
1114 2052 1258 2093 inquam,
1279 2051 1394 2084 domus
1411 2052 1478 2094 illa,

219 2098 347 2139 Septies
374 2099 559 2139 examinati,
922 2098 1021 2139 Cujus
1047 2107 1125 2139 opes
1150 2103 1183 2132 et
1205 2100 1329 2133 vexilla

216 2147 278 2187 Qui
302 2147 345 2180 ad
368 2147 464 2188 hujus
490 2149 566 2179 sunt
591 2147 696 2179 vocati
918 2147 1126 2181 Admiratiix
1152 2152 1202 2182 est
1227 2149 1364 2191 Sibylla,

262 2195 365 2228 Festa
391 2196 514 2229 domus,
965 2195 1090 2238 Magna
1113 2201 1216 2232 vates.

133 2253 191 2287 22..
218 2253 311 2286 Haec
340 2253 487 2295 gyrando
513 2252 676 2293 regionem
834 2253 895 2287 2b.
916 2253 1054 2295 Aurum,
1086 2263 1228 2296 gemmas
1254 2259 1287 2288 et
1311 2259 1481 2298 argentum

217 2301 303 2333 Dum
328 2302 433 2334 adivit
457 2301 671 2342 Salomonem,
917 2303 982 2335 Per
1011 2303 1163 2337 millenas
1188 2305 1276 2338 vices
1303 2309 1431 2338 centum

215 2349 438 2390 Parvipendet
461 2349 673 2391 Babylonem,
915 2349 1033 2383 Defert
1057 2361 1153 2392 gazas
1178 2353 1213 2385 in
1238 2358 1445 2394 augmentum

264 2397 316 2429 De
340 2407 403 2438 qua
428 2398 527 2432 venit.
967 2399 1125 2440 Sapienti,
