1652 2678
698 92 965 129 —273—

159 191 220 223 4a.
245 188 372 223 Ferens
389 189 536 233 fundam,
561 191 673 225 ferens
688 199 803 232 peram
859 190 920 225 4b.
941 191 973 224 E
997 190 1101 225 funda
1123 190 1210 231 lapis
1233 191 1384 232 mittitur,

244 237 291 271 Et
314 239 350 272 in
374 248 457 281 pera
478 239 578 273 fidem
601 249 724 281 veram,
945 239 1031 273 Dum
1058 240 1099 273 de
1125 239 1287 271 constanti
1310 239 1473 280 promitur

295 287 384 327 Quae
409 291 576 330 expugnat
598 288 716 333 omnia,
995 288 1142 322 Christus
1169 287 1376 321 conscientia.

163 356 221 389 5a,
246 354 334 387 Dum
358 355 393 388 in
417 365 517 388 unum
543 356 740 397 conveniret,
861 355 921 389 5b.
944 355 1095 389 Membra
1121 354 1243 387 Christi
1264 354 1458 396 protegebat

242 402 290 436 Ut
313 403 348 435 in
374 403 540 437 Christum
566 405 759 446 desaeviret,
945 403 991 437 Et
1014 414 1075 445 pro
1101 403 1147 437 eis
1175 403 1361 443 opponebat

293 452 486 485 Hunnorum
510 453 654 494 vesania,
994 452 1099 493 Caput
1123 451 1167 484 ad
1190 451 1358 491 martyria.

862 519 922 555 6b.
946 521 1053 561 Caput
1075 521 1204 561 martyr
1230 519 1408 551 decollatus

945 568 1152 602 Immolatum
1177 567 1361 599 immolatus

996 617 1088 649 Tulit
1112 615 1156 649 ad
1185 616 1312 649 altaria.

868 682 926 718 7b.
949 684 1014 716 Hic
1038 687 1088 716 est
1111 685 1237 723 martyr
1261 683 1419 724 veritatis,

951 731 1086 773 Semper
1111 739 1191 763 vera
1213 740 1274 771 pro
1300 731 1443 772 gravatis

985 780 1178 813 Ministrans
1203 779 1333 812 auxilia.

163 520 221 552 6a.
248 518 275 551 O
301 527 354 551 res
379 519 464 552 mira
489 522 522 552 et
546 519 718 561 stupenda,

244 565 285 599 In
310 576 375 607 qua
399 571 509 608 stupet
534 567 747 608 exprimenda

292 615 432 656 Quaevis
458 619 547 648 aetas
573 615 693 657 sobria,

163 683 221 717 va.
250 681 387 715 Caesum
414 686 512 724 caput
535 681 715 722 ferebatur,

245 729 374 772 Lingua
398 734 508 763 tamen
530 731 725 772 loquebatur

298 778 420 811 Salutis
442 779 628 821 praeconia,

511 848 543 881 8.
570 846 668 879 Hunc
690 848 866 886 precantes
891 847 1135 890 amplectamur,

570 895 619 929 Ut
642 902 703 936 per
729 894 837 935 ipsum
861 895 1045 928 muniamur

645 941 766 975 Contra
791 943 925 983 quaevis
950 944 1059 976 noxia.

238 1028 324 1056 Miss.
345 1037 400 1056 ms.
424 1027 636 1057 Cameracense
657 1036 738 1056 saec.
761 1026 806 1056 14.
823 1027 893 1056 Cod.
910 1028 1115 1056 Cameracens.
1140 1025 1194 1056 180
1208 1027 1243 1055 A.
1258 1028 1427 1056 —Prosan
1448 1037 1504 1057 ms.

158 1067 390 1096 Marchianense
405 1075 481 1095 saec.
496 1066 540 1095 15.
556 1067 627 1096 eod.
638 1066 789 1095 Duacens.
802 1064 867 1094 123.
877 1067 911 1094 Β.
923 1081 958 1086 -
969 1067 1054 1095 Mics.
1068 1066 1281 1095 Cameracense
1291 1068 1361 1103 imp.
1373 1067 1502 1094 Parisiis

163 1103 247 1135 1542.
270 1105 302 1133 G.
323 1120 361 1125 —
383 1103 436 1141 21),
460 1104 475 1134 1
498 1106 598 1142 Hujus
618 1104 679 1133 AC.
701 1121 739 1125 —
760 1103 811 1140 6b,
834 1103 853 1132 2
872 1105 1064 1133 Immolatum
1084 1105 1160 1134 fehlt
1179 1104 1210 1133 C.

612 1237 681 1270 362.
722 1236 767 1268 Dc
789 1237 898 1268 sancto
918 1236 1056 1269 Nicolao.

676 1329 708 1362 1.
734 1327 825 1360 Almi
849 1327 992 1367 pastoris

737 1384 776 1409 ac
804 1375 976 1417 paradoxi:

159 1438 216 1470 2a.
243 1434 374 1467 Nicolai
400 1435 581 1467 recolamus
862 1433 920 1467 ab.
943 1433 1066 1466 Eximii
1091 1434 1260 1467 bellatoris

242 1483 405 1524 praesulis
945 1482 1110 1517 Belzebub

244 1530 329 1564 festa
355 1536 494 1573 sacrata,
945 1531 1102 1564 adversus
1130 1531 1232 1564 dolos.

159 1598 217 1630 3a.
241 1594 309 1627 Hic
335 1597 394 1635 est,
421 1603 516 1635 quem
540 1593 706 1628 miseratio
861 1593 922 1627 3b.
944 1593 1080 1634 Quando
1102 1593 1197 1635 plebs
1225 1594 1441 1628 devotissimis

244 1642 378 1675 Domini
945 1642 1098 1682 precibus

244 1691 340 1731 lapsa
365 1699 445 1723 voce
471 1691 512 1723 de
538 1691 627 1724 coelo
946 1699 1073 1722 sursum
1099 1690 1199 1722 corda
1222 1690 1366 1723 librabat

245 1738 442 1780 providebat
948 1738 989 1770 de
1013 1741 1147 1778 pastore

244 1786 432 1828 pontificem
946 1786 1088 1819 sollicita

245 1835 336 1877 gregi
360 1836 528 1869 salvando.

159 1902 220 1935 4a.
247 1899 313 1933 Hic
336 1899 545 1931 innocentum

946 1834 1017 1867 Deo
1042 1835 1207 1875 placente.

862 1897 922 1930 4b.
944 1897 1100 1930 Accurrit
1125 1897 1171 1929 eis

242 1948 402 1981 miserans
424 1948 580 1988 juvenum

242 1996 463 2038 perditionem

164 2058 219 2091 δὴ.
246 2055 313 2088 Hic
335 2054 506 2096 prohibuit

242 2102 390 2137 facinora
414 2103 521 2144 stupri

243 2152 328 2185 Auri
352 2152 501 2193 pondere

244 2200 426 2242 virginibus
454 2201 530 2233 dato

240 2250 347 2292 patris
371 2250 407 2282 in
434 2248 588 2282 edulium.

157 2312 216 2345 6a.
244 2309 433 2349 Precamm,
459 2310 497 2340 ut
518 2306 623 2348 nefas,

241 2358 329 2399 quod
354 2357 449 2390 nobis
474 2356 634 2397 imminet,

241 2407 412 2449 abstergas

213 2468 342 2496 Dreves,
359 2467 507 2497 Sequentiae
519 2466 639 2490 Ineditae.
667 2464 714 2488 ΠΙ.

948 1946 1011 1978 cito
1035 1945 1199 1979 levamina

943 1994 1031 2027 vitae
1055 1993 1203 2030 ferendo.

865 2052 924 2087 5b.
946 2052 1073 2093 Liquor
1097 2052 1161 2086 olei

951 2102 992 2134 de
1015 2102 1139 2134 tumulo
1164 2099 1260 2133 fluxit

949 2150 1042 2191 EjUS‚
1069 2158 1131 2191 quo
1155 2150 1246 2182 uncti

946 2197 1129 2240 languiduli
1153 2199 1264 2230 statim

947 2247 1086 2280 aderant
1111 2247 1300 2280 incolumes.

864 2306 923 2341 6b.
945 2306 991 2339 Et
1014 2305 1208 2339 necessariis

946 2355 1045 2388 saluti
1069 2355 1196 2388 animae

946 2403 1074 2437 collatis

1292 2459 1329 2490 18
