1652 2678
723 96 991 133 -317—

183 190 242 224 42..
267 189 356 222 Dum
379 191 503 224 insistit
527 194 748 233 praedicando

270 239 462 280 Importune
485 241 635 275 iterando

317 287 414 330 Luto,
440 289 527 323 fuste
550 290 698 323 caeditur

184 347 242 380 5a.
271 344 412 388 Christe,
438 347 552 380 mortis
578 347 778 392 subJ'ugator‚

266 394 363 426 Vitae
388 395 548 437 gloriosae
574 396 679 440 dator,

314 442 392 475 Reis
418 447 534 485 optans
557 446 685 478 veniam

183 501 241 534 6a.
270 500 336 534 Sed
363 509 421 534 cur
445 502 535 543 loqui
559 511 669 536 moror
694 504 800 545 plura,

265 549 463 583 Molliuntur
486 551 587 583 corda
612 552 703 593 dura,

314 598 530 638 Baptizantur
554 600 689 641 pariter,

181 655 238 689 va.
264 655 354 688 Hinc
376 657 420 689 ad
445 659 557 697 partes
588 655 717 690 Galliae

313 702 396 736 fides
422 705 544 739 Christi
569 703 673 746 fiuxit,

265 752 313 784 Et
338 752 384 784 eis
408 761 470 793 per
495 752 707 793 Trophimum

314 808 394 832 vera
419 801 488 834 dies
513 800 606 834 luxit.

178 859 238 892 Sa.
265 858 332 891 Hic
356 860 533 891 multarum
559 859 662 892 titulis

313 907 432 939 claruit
455 907 623 949 virtutum,

262 955 328 987 Hic
352 955 446 988 nobis
473 955 515 988 ad
542 964 676 996 superos

311 1003 376 1035 iter
400 1006 498 1045 parat
520 1006 637 1037 tutum.

175 1063 232 1095 9a.
261 1060 366 1104 Nunc,
393 1065 542 1104 patrone,
568 1064 682 1101 pastor
707 1061 801 1103 bone,

309 1111 466 1149 populum
498 1118 665 1152 conserva,

258 1157 366 1198 Hujus
392 1159 479 1190 vires
503 1158 644 1190 hostium

306 1206 437 1247 penitus
467 1215 586 1238 enerva

886 195 948 231 4b.
970 195 1141 228 Falsitatis
1168 195 1309 227 clamant
1333 198 1444 237 testes,

970 243 1151 276 Laniantur
1177 243 1245 284 ejus
1270 246 1388 285 vestes,

1019 291 1095 324 Huc
1120 294 1153 324 et
1175 292 1255 324 illuc
1277 293 1422 331 pellitur.

887 349 948 383 5b.
969 350 1127 383 Arelaten
1148 353 1226 382 tunc
1249 350 1405 393 respexit,

969 398 1078 431 Duros
1102 397 1255 439 frangens
1280 398 1382 431 malos
1407 396 1501 430 flexit

1017 446 1187 488 Trophimi
1210 454 1271 487 per
1295 446 1444 488 gratiam.

886 504 946 540 6b.
967 504 1104 545 Templa
1128 503 1226 537 foeda
1255 504 1474 545 destruuntur,

969 552 1057 585 Loca
1082 562 1176 585 sacra
1201 554 1430 585 construuntur

1014 601 1046 633 A
1073 601 1235 633 conversis
1260 601 1398 635 noviter.

885 657 945 692 7b.
967 658 1036 691 Iste
1061 659 1162 692 Paulo
1188 658 1383 698 Trophimus

1014 706 1121 739 haesit
1143 706 1311 750 imitando,

967 754 1062 786 Pauli
1089 755 1205 796 dogma
1231 755 1342 787 docuit

1016 806 1129 845 gentes
1158 802 1391 844 praedicando.

882 860 941 895 8b.
964 860 1062 893 Hunc
1085 861 1249 902 pulsemus
1271 860 1434 901 precibus⁷

1012 908 1099 941 Huic
1126 910 1242 942 dentur
1267 913 1352 949 vota,

965 956 1051 989 Huic
1078 958 1182 990 clerus
1212 958 1361 989 concinat

1012 1014 1096 1045 pura
1120 1008 1229 1037 mente
1251 1008 1331 1038 tota.

879 1061 940 1098 9b.
962 1063 1059 1103 Actu,
1085 1072 1193 1106 prece,
1221 1065 1258 1094 ut
1283 1063 1390 1104 quiete

1012 1119 1084 1143 cum
1111 1111 1240 1144 Christo
1266 1120 1446 1152 regnemus,

961 1159 1008 1191 Et
1031 1159 1146 1192 laudes
1173 1168 1244 1191 cum
1269 1159 1393 1201 angelis

1009 1207 1044 1239 in
1070 1210 1236 1240 aeternum
1264 1207 1386 1242 demus,

248 1272 334 1300 Miss.
361 1281 417 1301 ms.
437 1273 614 1301 Arelatem-e
639 1281 717 1301 saec.
744 1269 821 1301 ²⁴l15.
852 1273 925 1302 Cod.
949 1272 1225 1310 Carpentoractens.
1251 1270 1314 1301 102.
1341 1288 1382 1293 —
1410 1271 1467 1308 lb,
1498 1270 1515 1302 l

168 1311 260 1340 laude
279 1311 336 1339 Hs.
356 1327 395 1332 —
417 1309 471 1347 812,
493 1310 513 1340 4
531 1311 596 1339 lota
614 1312 671 1340 Hs.

621 1406 694 1437 422.
734 1405 779 1437 De
801 1406 912 1438 sancto
933 1404 1080 1438 Taurino.

646 1479 676 1512 1.
701 1478 791 1511 Aula
810 1477 1037 1518 jucunditatis,

707 1526 863 1568 Alleluia,

168 1584 226 1617 2a.
255 1582 377 1617 Statuit
400 1584 559 1617 Dominus
584 1584 684 1618 hodie

253 1632 444 1665 Praesulem
473 1632 566 1665 urbis
590 1632 764 1674 Ebroicae‚

169 1691 228 1724 3a.
255 1688 411 1722 Pontifex
435 1690 521 1723 alma
544 1689 607 1722 hac
631 1692 705 1724 luce

253 1738 408 1771 Animam
434 1738 505 1771 Deo

302 1787 486 1827 placentem
518 1786 646 1830 obtulit,

166 1847 226 1880 43..
253 1846 421 1879 Intraturo
450 1847 564 1886 portas
589 1845 679 1877 urbis

302 1893 441 1927 Satanas
466 1896 518 1926 ter
539 1893 727 1935 altercatus,

166 1954 224 1987 5a.
252 1952 361 1985 Intrat
383 1952 499 1985 urbem
524 1954 558 1984 et
581 1951 719 1985 intranti

251 2001 416 2035 Christum
451 2009 578 2042 quoque
606 2001 812 2042 praedicanti

298 2050 397 2083 Patet
420 2050 591 2094 habitatio,

165 2110 223 2144 ea.
253 2108 370 2142 Coram
397 2109 521 2141 cunctis
548 2110 787 2141 concrematam

247 2157 347 2190 Satan
369 2157 468 2191 morti
495 2156 598 2190 tradit
621 2160 733 2190 natam

296 2206 457 2247 Hospitis,
485 2209 523 2238 ut
550 2205 713 2247 hospitem

163 2267 222 2300 7a.
249 2265 387 2305 Templo
423 2265 561 2298 daemon
592 2264 685 2297 exsul
711 2264 807 2309 cedit,

246 2313 378 2355 Templi
403 2313 529 2347 familia
554 2313 671 2355 credit,

297 2363 493 2397 Sacerdotes
519 2362 647 2395 viscera

294 2412 360 2446 Sua
386 2411 529 2446 fundunt
555 2411 701 2445 dextera.

875 1584 936 1618 ab.
959 1584 1148 1625 Taurinum,
1175 1592 1331 1624 gemmam
1360 1583 1519 1617 ecclesiae

957 1632 1117 1673 Vitaeque
1142 1632 1247 1665 virum
1273 1632 1449 1673 angelicae.

875 1691 933 1726 3b.
956 1690 1084 1732 Angelo
1110 1690 1256 1731 sepultus
1284 1690 1366 1722 duce

956 1739 1083 1779 Populo
1109 1738 1244 1771 verbum

1004 1787 1118 1820 salutis
1141 1786 1287 1827 protulit.

873 1845 934 1880 4b.
957 1845 1023 1878 Ter
1049 1845 1193 1878 cucurrit
1219 1852 1327 1877 coram
1351 1844 1466 1886 turbis,

1004 1894 1070 1926 Per
1104 1902 1232 1926 crucem
1256 1895 1308 1925 ter
1333 1895 1516 1934 superatus.

871 1952 931 1987 5b.
954 1951 1007 1986 Ibi
1030 1952 1124 1984 multi
1153 1954 1399 1996 congregantur,

957 2001 1099 2041 Quorum
1123 2001 1234 2041 plures
1260 1999 1470 2041 baptizantur

1006 2049 1172 2082 Praesulis
1198 2047 1319 2083 officio.

872 2109 933 2144 6b.
954 2108 1112 2142 Incitaret
1136 2109 1170 2140 in
1194 2107 1383 2148 Taurinum,

956 2157 1058 2197 Quam
1075 2157 1247 2197 Taurinus,
1274 2165 1332 2190 vas
1356 2155 1515 2200 divinum,

1003 2206 1096 2238 Patri
1120 2205 1234 2238 reddit
1258 2205 1423 2246 sospitem.

872 2265 930 2300 7b.
955 2264 1043 2297 Nato
1072 2264 1163 2298 ducis
1190 2266 1223 2295 et
1248 2263 1390 2296 consorti

954 2313 1160 2354 Repentinae
1186 2312 1271 2345 datis
1297 2312 1396 2346 morti

1003 2362 1082 2396 Vita
1106 2362 1194 2395 redit
1215 2361 1350 2395 reddita

1000 2411 1065 2444 Per
1088 2411 1224 2445 Taurini
1247 2411 1375 2444 merita.
