1652 2678
722 61 983 97 -204—

581 157 649 188 274.
689 156 734 186 De
755 164 779 187 5.
801 154 946 186 «Iohanne
965 152 1125 194 Baptista.

187 218 245 252 1a.
273 217 395 251 Ohristi
418 219 541 259 psallat
565 217 787 258 praecursoris

270 265 363 305 VotO,
390 275 470 300 voce
496 267 615 306 cordis,
642 264 708 297 oris

320 313 444 347 Chorus
470 314 524 346 1110
546 311 774 353 praeconium3

271 372 337 404 Hie
361 380 380 403 e
406 371 496 404 00610
521 369 620 402 matri
646 370 751 407 datus,

269 419 362 451 Muto
386 419 473 459 patri
499 418 611 450 reddit
633 420 728 448 natus

321 467 488 499 Sublatam
517 464 695 505 eloquium3

273 523 343 555 Vox
369 521 538 556 clamantis
564 522 598 554 111
626 521 765 562 deserto,

270 572 365 611 Agno
391 579 492 603 verax
516 569 550 602 in
577 572 691 610 aperto

317 618 458 651 Praebet
482 617 719 658 testimonium3

186 373 243 404 2a.

186 525 243 557 3a.

186 678 244 710 4a.
271 675 436 709 Johannes
464 678 514 707 est
538 675 594 708 lux
621 675 748 715 solaris,

270 723 406 757 Gemma
429 727 540 756 vatum
564 724 749 765 singularis,

317 772 474 806 Puritatis
500 772 604 805 lilium
616 784 623 814 ;

886 367 946 400 2b.

885 520 945 554 3b.

885 215 943 249 lb.
965 215 1032 248 Hic
1058 215 1108 244 est
1131 218 1252 251 praeco
1279 208 1396 242 summi
1421 208 1520 248 regis,

968 263 1040 294 Vox
1067 258 1248 298 clamantis,
1276 255 1383 290 faetus
1409 255 1495 298 legis

1018 308 1153 342 Gratiae
1178 305 1388 349 principium.

969 367 1094 399 Parans
1121 362 1261 396 formam
1286 363 1365 395 viris
1390 362 1500 403 justis,

971 413 1040 446 Mel
1066 413 1219 445 silvestre
1246 421 1318 444 oum
1343 411 1478 444 locustis

1021 460 1129 494 Sumit
1150 460 1187 493 in
1212 460 1368 493 edulium.

972 520 1064 553 Inter
1089 521 1183 551 natos
1210 521 1294 551 teste
1322 517 1453 551 Christo

970 568 1045 601 Non
1071 568 1214 600 surrexit
1238 567 1344 607 major
1368 567 1431 599 isto

1017 615 1082 649 Per
1109 616 1215 648 carnis
1243 615 1449 649 connubium.

885 674 944 708 4b.
967 674 1038 707 Fae
1063 677 1194 706 tuarum
1219 683 1282 714 ope
1306 681 1451 715 precum,

969 723 1063 763 Quod
1094 723 1256 764 possimus
1281 731 1348 755 una
1371 725 1481 755 tecum

1016 771 1172 812 Adipisei
1197 770 1389 813 praemium.

262 829 342 858 Miss.
367 838 421 858 ms.
442 829 784 858 Romano-Franciscan.
806 837 883 857 5360.
907 827 952 857 14.
975 828 1047 857 Cod.
1071 828 1350 865 Carpentoraetens.
1374 825 1438 856 107.

555 904 622 936 275.
664 904 708 935 De
730 911 754 935 s.
777 903 920 935 Johanne
939 902 1164 944 Evangeiista.

642 965 675 1000 1.
701 965 857 998 Nostram
881 965 1006 998 musica

703 1022 794 1046 sume
819 1023 1005 1047 camoenam

185 1073 244 1106 221.
273 1073 455 1105 vernacula

270 1120 373 1153 duleis
399 1119 588 1154 harmoniae

268 1169 343 1208 jure
370 1169 511 1202 dicatam

271 1227 337 1259 Pro
363 1226 465 1259 saeris
492 1225 710 1260 melodifioam

270 1275 423 1307 solemnis
449 1273 537 1307 beati

271 1322 427 1355 Johannis

271 1371 460 1404 reboantem

271 1419 495 1461 symphoniam

268 1466 488 1501 fidicanoram.

274 1525 334 1565 Qui
359 1529 472 1568 peetus
499 1535 599 1566 supra

272 1574 350 1607 Jesu
374 1574 524 1607 recubuit

269 1623 303 1655 111
327 1631 386 1656 5113
412 1632 520 1667 coena,

270 1680 357 1714 Hinc
381 1681 539 1723 singulari

269 1738 329 1771 pro
354 1730 526 1771 privilegio

275 1777 451 1812 Coaeterno
477 1776 565 1819 patri
592 1778 632 1811 de

270 1826 392 1860 deitate
415 1826 478 1860 filii

271 1876 434 1917 prompsit
458 1875 539 1908 11360
563 1875 724 1909 affamina.

272 1933 454 1967 Ostendens
479 1934 513 1966 in
540 1934 670 1968 Christo

268 1981 316 2015 sie
342 1982 521 2016 divinitatis
546 1991 643 2015 unam

268 2030 313 2064 Et
338 2039 434 2064 verae
459 2031 554 2064 simul

270 2079 478 2112 humanitatis

268 2128 452 2161 essentiam.

268 2187 293 2220 O
320 2186 414 2219 beate
440 2186 616 2228 Johannes,

267 2237 322 2267 tuo
347 2244 433 2267 nune
457 2234 610 2276 suffragio

187 1227 245 1260 3a.

186 1527 208 1559 4
215 1536 244 1560 a.

187 1682 242 1714 5a.

186 1934 206 1967 6
214 1943 244 1967 3.

184 2186 241 2221 73,

890 1071 950 1105 2b.

887 1227 948 1261 ab.

885 1527 950 1561 4b.

886 1682 946 1716 5b.

884 1935 945 1970 61).

883 2186 943 2219 71).

974 1071 1180 1112 Sempiterno

974 1121 1054 1162 regi,
1083 1120 1269 1153 moderanti

973 1171 1088 1201 cuncta
1116 1171 1236 1209 creata,

969 1227 1036 1260 Hie
1061 1226 1184 1260 Christi
1208 1236 1285 1260 nam
1311 1227 1493 1268 discipulus

971 1275 1092 1317 legitur
1117 1278 1150 1308 et
1174 1275 1306 1309 Domini

972 1324 1110 1357 dilectus

970 1382 1051 1413 prae
1077 1372 1194 1405 ceteris

973 1424 1005 1453 et
1030 1421 1150 1455 dieitur

969 1469 1032 1502 Dei
1058 1470 1173 1511 gratia.

974 1527 1025 1559 De
1052 1528 1142 1568 cujus
1169 1526 1260 1561 fonte

970 1576 1132 1617 evangelii

969 1624 1079 1657 hausit
1102 1623 1235 1659 fluenta.

971 1682 1065 1722 Quod
1090 1683 1124 1716 in
1150 1682 1314 1724 principio

967 1731 1057 1765 Deus
1084 1735 1155 1765 erat
1180 1732 1325 1773 verbum,

966 1780 1013 1812 Et
1041 1780 1174 1814 verbum
1200 1778 1285 1814 illud
1311 1780 1404 1813 adest

968 1838 1044 1862 earo
1069 1827 1195 1862 factum

967 1887 1029 1918 pro
1055 1878 1161 1910 salute
1186 1878 1336 1911 humana.

967 1935 1098 1969 Idcirco
1127 1935 1274 1968 confudit

969 1984 1209 2017 haereticorum
1236 1984 1389 2026 dogmata

967 2031 1014 2066 Et
1037 2041 1137 2066 verae
1165 2031 1243 2065 fidei

967 2082 1069 2114 corda
1093 2080 1211 2113 imbuit

967 2129 1100 2162 veritati
1125 2130 1261 2163 eredita.

966 2187 999 2221 A
1023 2187 1119 2221 nobis
1147 2188 1326 2222 subeantur

966 2235 1087 2277 gaudia
1111 2236 1310 2276 repromissa

648 2294 679 2327 8.
707 2292 753 2325 Et
775 2293 846 2325 sine
869 2292 937 2326 fine
959 2301 1122 2328 mansura.

259 2349 350 2378 Grad.
372 2359 426 2378 ms.
447 2349 479 2378 S.
498 2348 677 2379 Theoderici
698 2357 774 2378 5366.
796 2347 842 2379 12.
863 2349 937 2379 eod.
955 2351 1095 2380 Remens.
1118 2349 1234 2380 16311.
1254 2366 1293 2370 —
1315 2347 1402 2378 Miss.
1422 2359 1479 2378 ms.
1492 2350 1524 2379 S.

181 2388 311 2425 Remigii
332 2397 409 2417 5360.
427 2387 471 2418 13.
494 2389 565 2417 Οοᾶ.
581 2390 719 2418 Remens.
736 2386 848 2417 12213.
868 2403 908 2409 ——
927 2389 1048 2418 Prosar.
1068 2399 1123 2418 ms.
1144 2389 1175 2418 S.
1189 2389 1366 2418 Theoderici
1387 2396 1465 2417 saec.
1479 2387 1524 2418 15.

182 2426 252 2455 Cod.
264 2427 402 2455 Remens.
416 2425 480 2456 179.
491 2428 524 2456 C.
535 2443 574 2448 ——
586 2427 672 2457 Mei:
686 2428 823 2456 Justus
837 2430 878 2456 ut
891 2428 1017 2464 palma
1031 2429 1103 2464 maj
1113 2437 1130 2456 ο
1139 2437 1163 2456 r.
1172 2444 1211 2449 —-
1224 2426 1279 2461 43,
1289 2425 1308 2456 3
1325 2428 1376 2455 sui
1385 2436 1480 2459 coena.
1489 2429 1524 2458 Β.
