1652 2678
233 548 291 581 3a.

230 703 287 737 4a.

231 857 289 888 5a.

230 1011 287 1043 6a.

230 1165 287 1199 7a.

228 1321 286 1354 8a.

229 1476 286 1509 9a.

204 1631 288 1666 10a.

204 1836 287 1869 lla.

207 2088 252 2121 12
261 2095 291 2120 a.

754 72 1018 109 —205—

577 167 643 200 276.
685 166 728 198 De
747 177 771 199 s.
793 166 936 199 Johanne
956 166 1179 207 Evangelista.

621 240 652 273 1.
682 239 774 272 Haec
800 242 850 271 est
876 239 945 272 dies
970 239 1166 279 veneranda,

682 288 751 328 Qua
776 287 934 322 ,Iohannis
962 287 1158 321 celebranda

729 336 812 370 Sunt
836 334 955 369 festiva
979 335 1116 377 gaudia3

234 394 292 426 2a.
319 391 396 423 Fiat
417 393 557 425 mundus
582 394 812 434 laetabundus.‚

317 439 425 480 Hujus
450 441 525 473 luce
550 440 678 475 Christo
703 441 785 474 duce

368 488 491 522 Radiat
510 490 658 526 ecclesia.

319 547 388 587 Quo
417 547 585 580 doctrinae
609 549 703 588 potat
718 544 849 587 fiumen,

314 594 381 628 Ubi
406 596 494 628 vitae
518 595 604 628 vidit
631 596 752 635 lumen,

368 643 462 682 Quod
485 643 581 676 nobis
604 642 783 683 perhibuit.

316 701 341 734 O
352 710 448 741 quam
460 700 606 733 Christus
616 701 704 733 hunc
716 700 847 740 amavit,

317 748 374 781 Cui
401 751 538 781 matrem
565 748 806 781 commendavit

365 796 405 829 In
429 796 544 828 mortis
570 796 730 838 angustia.

318 854 357 886 In
381 854 532 887 Johanne
556 857 594 887 ut
617 854 787 887 laudemus

316 901 494 945 Christum,
521 902 590 942 ejus
611 903 785 935 recitemus

365 950 509 992 Operum
532 951 685 992 insignia,

315 1008 516 1051 Margaritas
543 1009 597 1042 hic
623 1007 807 1042 confractas

313 1057 497 1099 Integravit
521 1058 622 1090 semel
646 1060 751 1090 tactas

364 1104 478 1138 Crucis
508 1114 569 1146 per
594 1106 761 1147 auxilium,

313 1163 479 1196 Drusiana
504 1164 690 1204 suscitatur,

312 1211 426 1245 Turba
449 1215 582 1253 patrum
607 1212 791 1253 gratulatur

361 1260 467 1293 Tanto
493 1259 662 1301 beneficio,

315 1318 395 1352 Viro
422 1319 512 1350 virus
540 1318 638 1351 datur
664 1318 781 1359 dirum,

312 1367 379 1401 Sed
405 1377 471 1400 non
495 1367 601 1401 laedit
620 1367 710 1399 virus
728 1367 845 1408 virum,

362 1415 456 1455 Quod
481 1416 591 1448 hausit
615 1416 821 1456 intrepidus,

314 1475 353 1508 In
379 1475 444 1508 olei
469 1483 582 1507 servus
608 1474 672 1507 Dei

314 1523 419 1557 Saevo
446 1525 542 1564 gente
566 1523 733 1556 saeviente

363 1571 464 1605 Pleno
490 1571 609 1604 missus
637 1572 736 1614 dolio,

313 1630 380 1663 Hic
407 1631 484 1662 dum
511 1630 579 1663 alta
597 1631 847 1671 contemplatur,

312 1678 378 1711 Per
402 1678 545 1719 aquilam
571 1678 738 1720 figuratur,

314 1726 381 1760 Sub
407 1726 513 1768 figura
538 1726 780 1759 demonstratur

363 1774 446 1816 Ejus
474 1775 659 1808 eminentia.

314 1835 493 1875 Postquam
534 1842 661 1866 cursum
703 1841 850 1866 consum-

615 1881 718 1914 mavit

314 1932 421 1973 Vitae,
450 1930 600 1966 Christus
617 1931 705 1963 hunc
721 1930 853 1963 vocavit

314 1980 362 2013 Et
386 1983 537 2013 vocatum
560 1980 749 2012 sublimavit

366 2029 406 2061 In
430 2029 565 2061 coelesti
589 2028 682 2062 solio.

318 2085 344 2118 Ο
371 2085 547 2126 Johannes‚
571 2096 652 2127 roga
676 2086 793 2128 Deum,

316 2133 435 2166 Funde
459 2142 574 2174 preces
599 2144 718 2175 rogans
744 2144 826 2176 eum,

321 2181 368 2214 Ut
392 2190 451 2214 nos
478 2182 579 2223 lavet,
605 2191 684 2223 quos
711 2183 851 2216 redemit

314 2230 361 2263 Et
382 2231 417 2263 in
444 2238 540 2262 cruce
565 2231 712 2271 pendens
739 2231 817 2264 emit

366 2278 505 2313 Pietatis
532 2279 648 2319 gratia.

936 393 994 426 ab.
1019 393 1084 425 Hic
1109 396 1158 425 est
1182 392 1239 424 ille
1265 395 1331 424 tam
1359 390 1508 430 dilectus,

1021 441 1082 480 Qui
1107 441 1256 482 magistri
1281 448 1381 481 supra
1405 442 1519 480 pectus

1067 490 1106 523 In
1133 498 1234 522 coena.
1259 487 1417 527 recubuit,

937 547 997 581 3b.
1022 547 1062 579 In
1089 547 1208 580 amoris
1233 546 1287 579 hic
1310 545 1483 587 privilegio

1021 595 1142 628 Summi
1155 595 1260 636 patris
1277 595 1466 635 conjunctus
1482 592 1551 626 filio

1065 643 1172 684 Super
1196 652 1305 676 omnes
1330 643 1464 683 placuit.

934 699 995 734 4b.
1019 700 1147 743 Virgini
1173 701 1394 742 committitur,

1018 749 1118 790 Virgo
1147 750 1221 781 dum
1247 748 1405 790 affligitur

1070 797 1152 831 Caro
1181 797 1302 830 Christi
1328 797 1449 830 sancia.

936 855 997 889 5b.
1022 854 1146 887 Summi
1168 855 1254 896 regis
1278 856 1322 888 ad
1347 855 1502 888 honorem

1016 903 1062 936 Et
1087 903 1246 938 Johannis
1270 904 1305 936 in
1331 912 1483 943 amorem,

1045 952 1144 992 Cujus
1169 953 1245 984 sunt
1269 951 1435 984 solemnia.

934 1009 992 1043 61).
1019 1009 1132 1042 Coelos
1158 1017 1257 1050 prece
1283 1009 1478 1050 penetravit,

1017 1058 1104 1090 Dum
1129 1058 1164 1089 in
1190 1066 1304 1090 aurum
1322 1056 1552 1090 transmutavit

1068 1107 1181 1139 Rudes
1206 1105 1315 1147 virgas
1341 1104 1516 1140 frondium.

936 1163 993 1197 712.
1016 1163 1118 1196 Matri
1144 1164 1257 1196 vivens
1282 1165 1378 1195 natus
1405 1164 1503 1196 datur

1017 1211 1073 1251 Et,
1101 1220 1183 1253 quae
1205 1211 1300 1253 vidit,
1329 1215 1445 1244 cuncta
1462 1210 1552 1243 fatur

1067 1259 1226 1293 Johannis
1251 1258 1400 1299 imperio.

935 1318 995 1352 8b.
1020 1318 1138 1351 Statim
1166 1318 1246 1350 duos
1272 1318 1453 1359 suscitavit,

1018 1366 1102 1407 Quos
1128 1366 1250 1399 ibidem
1279 1370 1358 1398 tunc
1382 1366 1513 1399 necavit

1066 1416 1129 1448 ille
1154 1415 1262 1456 liquor
1288 1415 1459 1456 pessimus.

933 1474 994 1509 9b.
1019 1473 1077 1506 Nil
1103 1474 1242 1518 ardoris,
1269 1475 1316 1507 nil
1343 1473 1483 1507 fervoris

1018 1522 1126 1555 Sentit
1150 1523 1208 1562 ibi,
1235 1532 1375 1564 namque
1400 1523 1463 1556 sibi

1065 1572 1214 1606 Christus
1241 1575 1290 1605 est
1315 1572 1493 1613 praesidio.

910 1630 995 1664 iob.
1017 1630 1082 1663 Hic
1106 1630 1141 1662 in
1167 1630 1243 1663 altis
1268 1631 1470 1671 immoratur,

1019 1678 1109 1711 Pane
1135 1678 1218 1710 coeli
1241 1679 1390 1719 satiatur,

1018 1726 1096 1760 Vivi
1121 1725 1222 1759 fontis
1248 1736 1333 1768 aqua
1359 1727 1456 1759 datur

1069 1775 1140 1808 Sibi
1166 1778 1280 1808 sancta
1305 1775 1411 1816 copia.

913 1833 995 1867 111).
1017 1832 1123 1865 Deum
1147 1833 1240 1866 videt
1263 1833 1334 1866 Deo
1360 1837 1482 1875 gratus,

1020 1929 1096 1963 Solo
1121 1930 1195 1962 visu
1217 1930 1364 1971 satiatus,

1021 1978 1130 2020 Atque
1157 1977 1262 2019 fulget
1285 1979 1469 2012 illustratus

1069 2027 1148 2061 Veri
1174 2027 1253 2060 solis
1278 2027 1385 2061 radio.

912 2085 996 2120 lab.
1021 2084 1108 2119 Illud
1133 2089 1281 2126 praestet
1306 2086 1454 2120 Christus
1480 2087 1554 2129 tibi,

1020 2134 1068 2167 Ut
1092 2143 1151 2167 nos
1178 2143 1288 2167 omnes
1310 2135 1427 2176 jungat
1451 2136 1515 2169 sibi

1020 2182 1066 2215 Et
1091 2183 1134 2216 ad
1158 2191 1261 2223 regna
1286 2184 1419 2224 pietatis

1020 2230 1089 2264 Nos
1109 2231 1270 2272 perducat
1296 2241 1367 2265 cum
1392 2232 1498 2267 beatis

1072 2280 1113 2313 In
1138 2282 1272 2313 aeterna
1297 2281 1409 2323 gloria.

282 2358 369 2386 Miss.
398 2364 452 2384 ms.
481 2354 511 2383 S.
538 2354 645 2383 Albini
670 2363 748 2384 saec.
778 2354 823 2384 12.
852 2354 924 2384 Cod.
944 2355 1152 2392 Andegavens.
1178 2353 1225 2385 85.
1255 2358 1321 2386 add.
1349 2367 1426 2388 saec.
1450 2359 1494 2389 15.
1517 2376 1554 2381 —

203 2398 289 2428 MeL:
311 2396 431 2425 Laudes
454 2394 559 2422 crucis.
