1652 2678
249 283 307 315 la.

249 483 305 514 2a.

250 634 310 666 3a.

248 789 306 820 4a.

251 1040 306 1070 5a.

251 1241 306 1274 6a.

249 1443 305 1475 7a.

250 1693 307 1726 Sa.

250 1896 306 1928 9a.

225 2146 306 2178 lOa.

856 122 926 157 228

982 139 1023 146 —-

649 216 718 248 303.
759 216 803 247 De
823 214 934 246 sancto
955 210 1138 244 Laurentio.

331 280 427 312 Diem
452 279 606 319 martyris
630 277 767 318 insignis

334 328 427 360 Votis
454 327 652 359 celebremus
679 323 795 365 dignis,

335 375 395 415 Qui
419 374 585 406 miraculis
611 376 644 404 et
668 371 768 411 signis

382 424 473 455 Inter
493 423 621 453 sanctos
647 418 766 450 radiat.

334 479 422 519 Ignis
447 478 501 510 hic
525 476 698 515 illuminat,

333 526 398 558 Sed
425 526 509 557 alter
534 523 697 556 examinat

382 574 496 604 Virum
521 575 556 603 ut
583 574 761 612 argentum.

338 631 442 663 Verus
470 630 525 661 hic
549 629 702 662 Israelita

333 679 398 711 Pro
426 677 558 710 coelesti
582 676 762 717 margarita

382 725 514 758 Perfert
537 724 683 758 flammas
710 724 851 766 ignium,

334 785 375 818 In
400 784 462 816 hoc
490 783 581 816 fulsit
606 783 735 823 caritas,

330 832 431 865 Fides
463 836 493 864 et
520 832 697 869 humilitas,

332 881 451 913 Sensus
478 884 510 913 et
535 880 736 923 simplicitas,

331 929 376 962 Et
399 929 556 961 virtutum
584 929 713 961 claritas

333 978 379 1010 Et
402 987 528 1010 morum
552 977 733 1018 integritas.

334 1036 358 1069 Ο
380 1036 464 1067 mira
490 1035 680 1075 constantia,

335 1083 424 1116 Mira
448 1084 607 1124 patientia

383 1132 495 1173 Rigidi
521 1131 701 1172 Laurentii,

382 1180 542 1221 Martyris
569 1180 697 1221 egregii.

336 1238 436 1277 Quem
454 1239 502 1269 sic
519 1240 650 1269 sanctus
666 1240 713 1269 est
728 1236 861 1270 affatus:

333 1285 455 1326 Meum,
485 1286 627 1326 demens,
653 1294 750 1318 versa
766 1286 862 1325 latus,

334 1334 372 1366 In
399 1343 461 1374 quo
488 1334 568 1365 satis
593 1343 663 1366 sum
688 1336 825 1369 assatus,

385 1383 506 1415 Carnes
533 1382 603 1422 ede,
630 1391 708 1422 quas
734 1382 862 1416 assasti.

333 1439 454 1472 Fervet
479 1443 604 1480 martyr
628 1439 663 1471 in
689 1448 800 1481 agone,

333 1488 415 1520 Vivo
439 1488 519 1519 situs
543 1488 576 1519 in
604 1491 736 1520 cartone

330 1536 535 1576 Dimicatque
565 1544 636 1568 cum
660 1537 764 1576 leone,

335 1584 449 1617 Certus
474 1584 581 1617 laudis
609 1587 642 1616 et
665 1593 803 1617 coronae

383 1631 528 1665 Gloriam
553 1633 710 1673 accipere.

337 1690 462 1723 Furcas
488 1691 591 1723 lardis
615 1689 842 1729 inflammatas,

336 1739 469 1782 CardOS,
489 1748 611 1780 ungues
630 1742 661 1771 et
678 1739 863 1780 plumbatas

338 1787 448 1820 Cernit
475 1790 587 1820 contra
609 1797 645 1820 se
668 1791 801 1828 paratas

379 1836 450 1868 Nec
473 1837 621 1877 pavescit
644 1837 774 1869 talibus.

334 1892 379 1925 Et
392 1903 452 1935 per
470 1895 596 1935 signum
614 1898 746 1927 sanctae
758 1895 863 1927 crucis

334 1941 445 1974 Caecis
473 1941 600 1975 confert
622 1943 726 1975 visum
751 1944 844 1983 lucis,

334 1989 488 2022 Gressum
505 1991 640 2031 claudis,
659 1991 744 2023 sicut
757 1992 860 2031 audis,

334 2038 452 2070 Vocem
475 2040 572 2070 mutis
599 2042 631 2071 et
655 2040 769 2071 salutis

380 2086 560 2127 Languidis
585 2088 739 2119 remedia.

333 2143 549 2185 Dispensator
576 2145 660 2176 alme
685 2144 780 2185 Sixti,

331 2191 382 2224 Tu
404 2192 622 2233 Hippolytum
650 2193 772 2225 duxisti

332 2240 387 2272 Ad
413 2241 571 2273 culturam
597 2240 676 2273 Jesu
700 2240 832 2282 Christi,

332 2287 382 2319 Tu
406 2289 576 2320 tormentis
601 2288 748 2321 meruisti

330 2335 369 2367 In
395 2336 527 2368 coelesti
549 2346 647 2377 regno
673 2336 757 2377 sisti,

333 2383 459 2423 Raptus
485 2384 524 2416 ab
551 2385 613 2417 hac
637 2385 706 2417 vita
729 2385 816 2417 tristi

379 2430 436 2464 Ad
460 2435 593 2464 aeterna
616 2433 744 2472 gaudia..

955 273 1016 306 lb.

950 472 1012 505 21).

951 626 1010 660 3b.

950 781 1010 815 4b.

951 1034 1011 1067 5b.

948 1236 1007 1270 61).

948 1439 1006 1472 7b.

949 1690 1010 1726 8b.

945 1895 1005 1929 912.

923 2145 1007 2179 lob.

1037 272 1138 310 Quem
1162 267 1312 309 tyrannis
1336 266 1397 298 sub
1413 266 1566 308 malignis

1034 318 1131 351 Calor
1155 318 1261 356 urget,
1289 317 1420 355 torquet
1443 315 1539 355 ignis,

1034 365 1100 398 Sed
1118 365 1204 397 hunc
1216 364 1323 404 ignem
1337 365 1468 395 sanctus
1481 363 1565 403 ignis

1086 412 1269 446 Clementer
1293 411 1438 444 alleviat.

1038 471 1100 503 Ille
1126 479 1244 510 corpus
1270 469 1435 509 terminat,

1034 518 1109 559 Hic,
1135 527 1178 550 ne
1200 518 1271 550 vita
1293 517 1431 558 desinat,

1082 567 1160 607 Agit
1185 574 1246 606 per
1269 568 1475 600 tormentum.

1034 625 1059 658 O
1086 623 1166 657 felix
1192 624 1394 664 archilevita,

1035 673 1134 714 Cujus
1158 682 1245 705 mors
1272 675 1321 704 est
1345 672 1438 704 nobis
1462 671 1539 713 vita,

1083 721 1225 762 Requies
1247 720 1454 762 supplicium.

1033 779 1131 812 Hunc
1157 779 1293 812 deduxit
1318 779 1439 812 veritas

1033 829 1097 861 Per
1124 828 1265 860 directas
1290 828 1433 867 semitas,

1033 877 1131 909 Hunc
1155 877 1298 916 suscepit
1326 876 1450 916 civitaS,

1033 926 1072 958 In
1098 934 1161 966 qua
1186 927 1302 965 regnat
1325 924 1456 956 trinitas

1034 974 1080 1006 Et
1104 977 1288 1005 sanctorum
1312 973 1430 1006 unitas.

1038 1031 1098 1065 Cui
1122 1030 1295 1072 refrigeria

1032 1080 1202 1113 Adhibent
1224 1080 1378 1112 incendia

1081 1129 1128 1161 Et
1150 1127 1312 1169 praefecti
1335 1128 1428 1168 impii

1081 1177 1127 1210 Et
1154 1177 1295 1209 crudelis
1321 1176 1426 1210 Decii.

1030 1235 1093 1267 llle
1117 1235 1219 1276 magis
1244 1235 1432 1275 indignatus

1033 1283 1131 1315 Diros
1157 1285 1254 1323 auget
1281 1283 1444 1316 cruciatus

1032 1331 1104 1363 Nec
1128 1332 1261 1363 molitur
1285 1331 1337 1364 vir
1362 1331 1488 1373 beatus,

1081 1380 1182 1420 Quem
1191 1382 1236 1423 tu,
1245 1379 1395 1421 Domine,
1405 1380 1565 1420 probasti.

1029 1439 1210 1470 Arescente
1237 1438 1344 1469 carnis
1369 1440 1443 1470 cute

1031 1486 1138 1519 Sudor
1162 1487 1272 1529 instat,
1299 1484 1405 1518 fluunt
1429 1489 1551 1528 guttae,

1031 1534 1097 1567 Sed
1117 1535 1199 1567 haec
1223 1534 1336 1566 suffert
1360 1544 1421 1575 pro
1447 1536 1563 1577 salute,

1031 1583 1188 1623 Aquilina
1210 1583 1381 1623 juventute

1080 1631 1223 1672 Sperans
1249 1630 1470 1664 reflorescere.

1030 1691 1151 1723 Preces
1177 1689 1285 1723 fundit
1310 1690 1381 1723 Deo
1408 1693 1530 1732 gratas,

1033 1739 1119 1779 Opes
1144 1740 1270 1780 spargit
1292 1740 1545 1781 commendatas,

1030 1787 1148 1820 Manus
1173 1788 1282 1829 largas
1307 1791 1340 1820 et
1360 1788 1474 1821 beatas

1080 1837 1198 1877 Aperit
1222 1837 1433 1877 pauperibus.

1031 1891 1144 1927 Rebus
1167 1895 1283 1927 haeret
1305 1904 1371 1927 non
1399 1895 1542 1936 caducis,

1032 1943 1071 1975 In
1098 1951 1157 1983 spe
1181 1943 1275 1983 ponit
1300 1944 1418 1975 summi
1441 1944 1534 1976 ducis

1033 1991 1118 2023 Vota
1139 1991 1247 2022 laudis
1272 1999 1388 2030 expers
1414 1990 1543 2025 fraudis

1033 2038 1080 2070 Et
1102 2038 1235 2070 virtutis
1263 2039 1428 2071 destitutis

1079 2086 1232 2118 Advocat
1255 2087 1433 2126 praesidia.

1030 2143 1080 2175 Tu
1106 2143 1287 2176 Romanum
1312 2144 1499 2189 baptizasti,

1031 2191 1203 2224 Lucellum
1227 2193 1431 2237 illuminasti,

1030 2239 1081 2271 Tu
1105 2239 1274 2273 thesauros
1300 2244 1452 2285 erogasti,

1030 2287 1118 2319 Deos
1144 2286 1244 2320 falsos
1270 2289 1451 2333 abnegasti,

1031 2336 1096 2368 Per
1121 2336 1254 2375 spinosa
1278 2338 1393 2372 mundi
1417 2341 1504 2372 vasti

1033 2383 1140 2418 Corde
1166 2387 1255 2417 casto
1281 2386 1393 2426 sponsi
1419 2389 1501 2420 casti

1083 2431 1219 2464 Secutus
1245 2434 1393 2475 vestigia.
