1652 2678
724 73 842 109 -57

559 172 591 203 5.
618 171 707 204 Laus
738 170 799 203 tibi
824 173 876 213 sit,
898 171 1046 213 Domine,

620 228 680 252 rex
704 222 857 253 aeternae
882 220 1013 262 gloriae.

222 289 311 318 Grad.
338 299 392 319 ms.
414 291 445 319 δ.
465 291 643 322 Theoderici
666 303 743 323 saec.
767 292 812 323 12.
835 295 905 324 Cod.
926 297 1065 325 Remens.
1088 295 1151 325 169.
1170 297 1205 324 A.
1227 313 1264 318 —-
1285 298 1405 327 Prosar.
1427 307 1481 326 ms.

129 326 171 355 -S-
201 328 382 358 Theoderici
407 338 484 358 saec.
516 330 561 360 15.
585 332 658 361 Cod.
683 334 822 363 Remens.
851 332 916 363 179.
943 336 976 363 B.
996 350 1034 355 —
1055 334 1147 363 Grad.
1173 344 1229 364 ms.
1253 336 1484 371 Aquieinetense

141 374 220 394 saec.
250 366 293 396 16.
311 368 383 396 Cod.
402 368 552 398 Duaeens.
584 369 648 399 124.
671 371 701 399 C.
722 389 761 393 —
786 372 810 400 C
834 373 919 410 giebt
944 374 993 402 die
1011 373 1105 402 Prose
1130 375 1175 402 als
1195 375 1412 411 Interpolation
1434 376 1485 404 des

141 405 255 442 Gloria,
278 406 343 435 also
365 406 410 435 als
430 408 557 445 Tropus.

145 443 197 472 der
218 444 363 474 clausula.

624 408 669 438 2a
689 412 750 439 und
770 409 814 440 2b
836 413 942 448 zeigen
962 412 1108 441 keinerlei
1123 413 1307 451 Gliederung
1327 413 1483 442 innerhalb

654 542 701 574 69.
741 543 776 575 In
798 543 967 576 Dominicis

664 613 734 649 post
753 611 960 643 Pentecosten.

134 678 202 713 la.
229 678 338 711 Adest
364 678 433 712 dies
460 680 635 713 recolenda

276 726 437 759 mirandis
462 728 631 772 prodigiis,

227 774 315 807 Data
338 774 443 816 nobis,
473 777 656 811 veneranda

277 823 404 856 devotis
435 824 609 866 obsequiis,

848 681 907 716 1b‚
930 683 1022 717 Haec
1048 683 1171 716 dierum
1197 685 1304 724 prima
1331 685 1409 717 dies.

978 731 1013 763 in
1039 739 1103 772 qua
1128 731 1215 765 orbis
1243 733 1403 773 conditur,

932 780 1104 820 Postquam
1130 782 1225 821 pater
1241 781 1483 822 protoplaustus

981 836 1021 859 ex
1047 827 1143 868 eulpa
1169 828 1330 868 dejicitur.

144 892 201 924 2a.
231 891 331 932 Quem
361 899 518 931 reparans
545 892 633 925 Deus
659 894 785 933 lapsum
847 894 906 927 2b.
928 895 978 927 Tu
1006 895 1148 935 resurgis
1174 895 1208 927 in
1234 896 1296 929 hae
1323 897 1383 938 die,

276 939 340 971 hac
366 939 420 972 die
443 941 664 981 progreditur,

226 987 278 1020 De
308 987 437 1030 virgine
462 987 569 1021 factus
594 988 689 1023 homo

278 1036 468 1077 redemptor
491 1037 694 1077 producitur.

141 1103 199 1136 Sa.
227 1103 266 1135 In
293 1103 355 1136 hae
381 1104 435 1136 die
461 1107 676 1138 commutatur

278 1152 441 1186 Judaismi
467 1152 648 1196 sabbatum,

226 1200 264 1233 In
291 1208 355 1240 qua
379 1200 469 1232 misit
494 1200 582 1233 Deus
608 1205 703 1241 pater

273 1250 441 1281 aeternum
465 1248 672 1289 paraclitum.

136 1317 200 1350 4a.
228 1315 321 1349 Laxa
346 1316 460 1356 culpas
489 1319 689 1360 septenams,

272 1364 388 1406 quibus
414 1367 447 1396 te
472 1363 675 1406 offendimus,

222 1412 284 1453 Qui
308 1415 480 1454 septenum
506 1411 696 1446 festivamus

273 1461 355 1503 ipsis
377 1460 641 1502 obsequentibus,

978 942 1029 975 leo
1057 942 1098 975 de
1123 942 1211 975 tribu
1231 944 1328 988 Juda,

927 991 973 1024 Ut
996 999 1164 1032 surgamus
1190 1001 1210 1023 a
1234 993 1370 1032 peccatis

978 1039 1050 1079 ipse
1074 1039 1168 1072 nobis
1195 1039 1353 1074 condona.

845 1105 903 1140 3b.
928 1106 989 1139 Est
1014 1109 1150 1147 septena
1173 1107 1239 1140 ista
1265 1108 1345 1144 dies.

978 1163 1060 1194 quae
1082 1155 1177 1194 jubet
1201 1165 1221 1187 a
1247 1155 1335 1188 vitiis

930 1202 1065 1235 Cessare
1088 1205 1121 1234 et
1145 1204 1308 1236 exsultare

978 1250 1097 1282 divinis
1127 1252 1290 1291 tripudiis.

844 1316 905 1351 41).
929 1318 1054 1350 Emitte
1084 1318 1126 1350 de
1149 1321 1207 1351 tua
1230 1318 1310 1351 sede

978 1369 1102 1407 septem
1130 1366 1215 1399 dona
1239 1367 1384 1408 spiritus„

927 1414 1009 1447 Post
1032 1417 1202 1456 septenum
1227 1416 1315 1447 vitae
1338 1420 1471 1449 nostrae

972 1463 1073 1504 junge
1098 1472 1156 1495 nos
1182 1464 1386 1498 coelestibus,

216 1539 300 1567 Miss.
326 1547 381 1567 ms.
403 1538 432 1567 S.
456 1539 539 1567 Petri
563 1539 737 1568 Carnotens.
764 1546 842 1568 saec.
866 1537 910 1567 14.
932 1539 1004 1568 Cod.
1027 1539 1201 1569 Oarnotens.
1237 1537 1295 1569 319.
1318 1541 1384 1569 add.
1406 1550 1482 1570 wuec.

140 1575 185 1606 15.
210 1586 254 1605 ex.
277 1578 311 1605 A.
333 1593 372 1597 —
391 1577 476 1606 Miss.
499 1577 682 1607 Carnotens'e
702 1579 773 1615 imp.
794 1578 922 1607 Parisiis
945 1576 1030 1607 1511.
1050 1580 1084 1608 B.
1104 1594 1144 1599 ——
1166 1578 1218 1614 1b‚
1240 1577 1258 1608 3
1278 1580 1483 1618 protoplastus

138 1617 172 1645 B.
195 1632 233 1637 —
254 1614 308 1649 33),
332 1614 348 1644 1
370 1617 435 1645 dies
454 1618 517 1645 ista
536 1617 570 1645 B.

535 1721 583 1753 70.
624 1720 684 1754 Pro
707 1721 862 1754 evitanda
881 1720 1093 1754 mortalit-ate.

144 1793 201 1826 la.
231 1791 451 1831 GratuIemm,
478 1792 675 1825 salvatorem

226 1840 457 1874 Collaudantes
483 1843 663 1874 creatorem

271 1889 370 1923 Dulci
398 1897 470 1921 cum
494 1888 699 1930 symphonia,

137 1960 197 1993 2a.
227 1958 464 2001 christophori,
495 1958 636 1991 Adriani

225 2007 297 2040 Nee
319 2016 385 2040 non
411 2010 445 2038 et
469 2006 653 2040 ‘sebastiani

272 2056 454 2097 Praecipue
478 2055 642 2097 laudibuS,

135 2126 197 2159 32..
227 2124 354 2158 Chorus
379 2126 466 2156 totus
491 2123 690 2164 angelorum,

224 2172 284 2212 Qui
313 2176 443 2204 secutus
470 2173 519 2204 est
546 2169 707 2204 coelorum

274 2222 398 2262 Regem
423 2219 464 2252 ab
491 2219 595 2261 initio,

135 2294 197 2327 42..
224 2290 314 2324 Ordo
337 2287 620 2330 archangelorum,

222 2340 407 2373 Potestates
432 2345 624 2379 superorum

272 2388 413 2429 Hymnis
439 2395 513 2420 eum
537 2385 723 2429 virtutibuS,

843 1793 902 1827 1b.
928 1792 1145 1826 Collaetemur
1169 1793 1236 1826 ritu
1260 1802 1385 1826 morum

927 1843 1192 1883 veneramurque
1216 1844 1401 1875 sanctorum

976 1889 1164 1923 &audentes
1189 1891 1373 1931 praeconia.

843 1959 902 1992 2b.
926 1958 972 1992 Ut
996 1967 1054 1991 nos
1079 1957 1182 1991 hostis
1207 1961 1278 1991 arte
1305 1960 1387 1994 cani.

926 2007 1046 2039 Mundi
1069 2007 1174 2048 gloria
1195 2007 1285 2039 inani

975 2055 1102 2095 Spretis
1125 2055 1240 2095 juvent
1263 2055 1426 2096 precibus.

844 2123 902 2156 3b.
928 2124 1113 2157 Conventus
1143 2123 1364 2163 apostolorum

926 2171 1187 2214 Martyrumque‚
1215 2169 1435 2204 confessorum

978 2219 1212 2261 Virginumque
1238 2220 1359 2253 concio.

843 2287 903 2320 412.
927 2286 1142 2319 Hierarchiae
1163 2296 1378 2328 supernorum

928 2335 1027 2377 Regis
1056 2344 1127 2369 cum
1153 2341 1267 2381 matre⁷
1291 2345 1465 2379 regnorum

977 2384 1081 2417 Almis
1107 2393 1232 2426 quoque
1260 2386 1424 2423 coetibus:
