1652 2678
710 50 876 87 —241
930 71 977 77 —

175 148 233 183 6a.
260 147 287 182 Ο
319 157 415 189 quam
441 152 582 190 sanctae,
611 150 700 190 cujus
724 150 816 183 laudi
877 149 936 185 eb.
960 149 986 183 Ο
1013 159 1108 190 quam
1134 150 1275 188 sanctus,
1303 148 1394 188 cujus
1415 146 1484 179 vita

263 195 371 238 Cedit,
399 197 557 239 quidquid
582 196 648 230 fine
673 198 782 231 claudi
960 197 1036 230 Non
1062 198 1166 230 solum
1189 199 1228 228 ut
1254 197 1388 229 eremita

260 245 384 287 Potest,
410 249 539 279 nostras
564 255 678 286 preces
704 246 781 280 audi
962 245 1028 279 Sed
1052 250 1090 279 ut
1114 245 1254 285 simplex
1282 243 1451 278 coenobita

311 291 405 327 Dans
431 293 538 328 favori
563 295 692 335 gaudia.
1011 293 1154 327 Refulsit
1177 293 1212 325 in
1239 293 1339 328 curia.

177 352 234 385 7a.
261 350 440 393 Ludovice„
469 355 581 385 sancte
606 353 678 395 Dei,
877 353 895 385 ’7
903 352 937 387 b.
959 352 1120 386 Pietatem
1143 351 1353 392 imploramus

262 399 500 434 Munimentum
526 403 659 434 sanctae
684 401 765 443 spei,
960 400 1083 433 Summi
1107 400 1203 441 regiS‚
1230 409 1324 441 quem
1349 407 1514 440 rogamus,

261 449 311 483 Te
334 457 486 490 rogamus
511 450 590 482 licet
615 449 674 490 rei,
959 449 1008 482 Ut
1033 449 1089 482 det
1110 448 1214 489 nobis,
1238 457 1333 489 quam
1352 449 1514 490 optamus⁷

310 496 365 529 Da
389 498 527 538 gratiam
552 498 587 531 in
613 497 676 531 via.
1010 496 1155 530 Gloriam
1179 496 1213 528 in
1238 497 1355 537 patria.

253 572 338 602 Miss.
366 581 420 601 ms.
448 573 685 602 Gemmcticense
711 581 787 601 saec.
815 570 859 601 15.
888 571 958 601 cod.
978 573 1188 608 Rotomagens.
1215 570 1281 601 301.
1301 572 1337 600 A.
1364 587 1402 593 —·
1427 571 1517 599 Miss.

174 620 229 640 ms.
252 611 487 641 Gemmeticensc
507 613 577 640 anni
600 609 684 639 1492.
706 612 777 640 Cod.
798 612 1008 647 Rotomagens.
1030 609 1096 640 302.
1116 611 1150 638 Β.

614 713 676 745 319.
715 714 760 746 De
780 714 888 746 sancto
909 713 1076 746 Ludovico.

175 786 237 820 ia.
266 784 396 819 Clarum
423 785 513 818 sidus
539 785 672 826 gloriae,
876 785 934 818 lb.
958 785 1042 818 Nam
1067 786 1247 826 triumphat
1270 785 1368 818 hodie

258 833 368 866 Decus
394 834 486 874 regni
511 834 673 867 Franciae
958 833 1024 866 Per
1049 843 1140 866 arma
1161 834 1309 874 justitiae

305 880 411 914 Nobis
437 880 531 914 fulsit
556 882 702 923 coelitus,
1003 881 1191 915 Ludovicus
1215 882 1357 917 inclitus,

173 941 234 973 2a.
260 938 363 973 Dives
389 940 460 971 sine
484 940 622 979 macula,
874 937 934 974 2b.
956 940 1148 972 Aromatum
1173 939 1303 981 nebula,

256 987 457 1021 Laudandus
482 997 543 1029 per
568 988 698 1020 saecula
958 987 1059 1027 Quam
1085 988 1212 1029 spirant
1235 988 1400 1027 miracula,

304 1036 402 1069 Fecit
426 1035 598 1069 mirabilia.
1006 1036 1167 1077 Repletur
1194 1037 1341 1069 ecclesia.

175 1095 234 1128 3a.
262 1093 428 1127 Salomoni
454 1094 580 1135 similiS,
874 1092 932 1126 312.
957 1093 1079 1134 Justus,
1106 1093 1261 1136 prudens,
1291 1093 1438 1134 dapsilis,

258 1141 344 1175 Nam
369 1141 440 1174 Deo
464 1141 613 1174 amabilis
958 1142 1049 1185 Pius,
1076 1142 1225 1182 munduS,
1254 1142 1395 1183 humilis,

305 1189 385 1222 Fuit
411 1194 444 1222 et
466 1189 632 1231 pacificus.
1004 1190 1153 1223 Moribus
1178 1191 1352 1231 angelicus,

170 1248 231 1283 4a.
259 1249 334 1282 Jam
361 1248 484 1280 candor
508 1247 687 1280 munditiae
871 1246 935 1280 4b.
958 1247 1167 1280 Attestantur
1191 1249 1325 1288 proprie

254 1295 302 1329 Et
325 1295 407 1328 odor
433 1294 634 1337 fragrantiae
953 1295 1115 1328 Ludovici
1140 1296 1263 1337 gloriae

305 1343 384 1376 Lilii
412 1344 606 1377 convallium
1004 1344 1051 1376 Et
1076 1345 1218 1376 clamant
1240 1345 1461 1385 praeconium.

171 1403 229 1436 5a.
256 1402 359 1435 Beate
382 1401 560 1443 Ludovice,
872 1401 931 1435 5b.
953 1401 999 1434 Et
1024 1402 1121 1434 sortis
1147 1402 1314 1442 angelicae

254 1450 312 1485 Pio
338 1450 430 1482 vultu
456 1451 583 1490 respice
956 1449 1024 1482 Nos
1052 1453 1217 1483 consortes
1245 1449 1338 1482 effice

301 1498 386 1531 Vota
411 1498 664 1539 supplicantium
1005 1499 1086 1531 Post
1110 1507 1265 1539 praesens
1293 1499 1457 1531 exsilium-

245 1575 365 1603 Prosar.
386 1583 440 1602 ms.
461 1575 707 1603 Praedicatorum
726 1583 804 1603 saec.
830 1572 876 1603 15.
898 1574 970 1603 Cod.
991 1575 1199 1612 Andegavens.
1220 1573 1267 1603 90.

557 1676 625 1709 320.
665 1678 710 1710 De
731 1686 756 1710 5.
777 1677 932 1711 Ludovico
952 1678 1117 1720 Episcopo.

168 1750 225 1785 la.
254 1749 353 1782 Plebs
377 1747 485 1782 fidelis
506 1749 637 1793 jubilat,
870 1749 930 1785 ib.
952 1750 1140 1784 Ludovicus
1164 1749 1322 1792 pontifex,

253 1797 336 1838 Quia
361 1798 451 1830 sidus
476 1799 591 1830 rutilat
950 1798 1136 1840 Egenorum
1161 1797 1282 1839 opifex,

301 1845 415 1879 Novae
442 1846 612 1886 claritatis,
1001 1847 1112 1880 Arbor
1138 1847 1295 1881 caritatis.

168 1906 227 1939 2a.
255 1906 281 1939 O
305 1904 423 1947 regalis
449 1905 588 1944 soboleS,
869 1904 930 1939 2b.
954 1905 979 1938 O
1008 1905 1106 1938 decus
1133 1905 1300 1948 ecclesiae,

254 1953 437 1988 Sanctitate
461 1954 591 1986 redoles
952 1952 1061 1988 Decor
1088 1954 1314 1996 conscientiae,

299 2002 438 2035 Placens
466 2003 717 2043 condimentum,
999 2002 1083 2035 Boni
1109 2000 1365 2036 fundamentum.

166 2063 223 2096 3a.
250 2061 311 2102 Tu,
339 2061 458 2094 Tolosa
485 2061 609 2105 civitas,
868 2060 928 2094 3b.
953 2061 1051 2094 Felix
1077 2070 1121 2104 es,
1146 2061 1307 2102 Marsssia,

251 2109 376 2151 Gaude,
404 2110 479 2151 quia
502 2110 623 2142 militas
949 2109 1073 2151 Magna
1097 2118 1248 2151 promens
1275 2111 1398 2151 gaudia

300 2157 366 2191 Sub
393 2161 485 2192 tanto
510 2161 653 2200 pastore.
1000 2158 1052 2191 De
1076 2161 1167 2192 tanto
1193 2159 1378 2199 splendore.

163 2219 224 2252 4a.
252 2216 419 2251 Minorum
444 2217 570 2258 religio,
865 2216 926 2253 4b.
948 2217 1000 2250 De
1024 2217 1144 2259 insigni
1168 2217 1276 2257 gratia

245 2266 339 2300 Haec
361 2266 472 2300 dicata
495 2266 593 2306 socio,
951 2266 1043 2299 Dans
1067 2265 1198 2300 Christo
1223 2267 1398 2307 praeconia

297 2314 357 2355 Qui
382 2318 498 2356 regnat
519 2315 554 2347 in
580 2314 688 2356 caelis,
1000 2315 1137 2357 Semper
1161 2315 1206 2347 sit
1229 2313 1347 2350 fide-lie.

218 2376 346 2403 Dreves.
362 2375 510 2404 Sequentiao
524 2374 643 2399 Ineditae.
672 2374 717 2398 111.
1297 2371 1339 2402 16,
