1652 2678
710 102 976 139 —173—

174 198 237 231 32..
262 198 310 232 Hi
334 198 497 239 refulgent
522 200 613 233 miris
638 201 749 244 signis,
878 200 936 235 sb.
958 201 1085 243 Lingua
1109 200 1219 242 nequit
1246 200 1419 241 explicare,

263 246 309 280 Hi
334 247 526 281 confirmant
551 249 640 282 dicta
664 249 772 290 dignis
965 249 1053 289 Quae
1076 257 1136 290 per
1162 257 1217 281 eos
1243 248 1412 282 declarare

308 296 471 329 Virtutum
497 297 660 337 operibus.
1010 296 1090 330 Vult
1114 297 1202 330 Deus
1227 295 1389 330 fidelibus.

173 353 234 387 4a.
261 352 405 386 Miratur
430 363 530 395 super
554 354 604 387 his
875 355 934 389 4b.
957 355 1049 396 Quod
1075 355 1177 388 verba
1201 353 1358 395 proferat,

257 402 437 444 instigator
462 403 601 435 sceleris.
961 404 1061 444 Quem
1084 405 1196 445 lingua
1218 403 1416 444 privaverat.

175 458 232 492 5a.
260 459 287 492 O
311 458 405 503 fides,
432 468 450 492 o
479 460 593 503 virtus,
878 462 936 495 5¹0.
956 461 1028 494 Nec
1050 461 1147 494 minis
1171 470 1233 494 nec
1253 461 1367 501 poenis

262 507 287 541 O
314 508 412 549 digna
437 508 588 541 laudibus
959 509 1030 542 Nec
1054 512 1157 542 terret
1182 508 1320 541 fustibus

258 555 444 597 Martyrum
473 558 671 589 constantia!
958 557 1104 598 Tyranni
1126 558 1271 590 saevitia.

174 614 232 647 6a.
260 613 315 646 Ad
342 614 504 647 trochleas
531 615 750 647 extenduntur
877 614 934 649 6b.
958 617 997 649 In
1023 615 1074 648 his
1100 615 1204 648 sancti
1229 624 1293 647 non
1318 615 1500 656 turbantur,

258 661 305 694 Et
327 660 467 702 flagellis
494 662 708 695 conciduntur
959 663 1025 696 Sed
1049 664 1090 696 ad
1115 664 1258 703 palmam
1283 663 1485 705 roberantur,

258 709 302 742 Et
327 710 454 742 malleis
479 709 657 751 infiguntur
959 711 1105 744 Tandem
1135 712 1236 744 caesis
1263 713 1458 744 coronantur

306 756 449 790 Subulae
475 758 675 799 corporibus,
1008 760 1172 800 Martyres
1200 759 1370 801 capitibus,

583 817 613 849 7.
644 815 775 849 Coelum
800 818 892 857 patet
917 817 1097 857 spiritibus,

640 864 766 897 Horum
790 865 973 897 muniamur
997 865 1160 905 precibus.

246 928 332 956 Miss.
358 938 414 957 ms.
440 929 642 966 Vei-gincense
666 939 743 958 saec.
774 928 810 959 13
835 932 877 959 in.
907 931 979 959 God.
1005 931 1129 960 Dolens.
1155 928 1203 959 48.
1225 931 1260 959 A.
1342 931 1428 958 Miss.
1456 939 1509 958 ms.

167 967 362 995 Bisuntinum
391 976 468 997 saec.
498 967 542 996 15.
573 968 642 996 Cod.
664 969 816 997 Bisuntin.
843 968 889 997 74.
910 969 944 998 B.
965 984 1004 989 -
1025 970 1108 998 Miss.
1138 979 1190 997 ms,
1211 970 1404 997 Bisuntinum
1433 977 1509 997 saec.

169 1003 216 1033 15.
238 1005 310 1033 Cod.
331 1007 481 1034 Bisuntin.
509 1006 553 1035 75.
578 1006 610 1034 O.
631 1023 669 1028 -—
689 1008 776 1036 Brev.
802 1016 859 1036 ms.
880 1009 1073 1036 Bisunfinum
1097 1016 1174 1036 saec.
1204 1006 1248 1036 14.
1267 1007 1338 1036 (jod.
1360 1008 1509 1036 bisuntin.

168 1041 215 1072 63.
236 1044 274 1071 D.
297 1059 335 1064 —
354 1043 441 1073 Miss.
462 1046 655 1074 Bisuntinum
674 1047 745 1082 imp.
766 1046 895 1074 Parisiis
919 1044 1002 1075 1497.
1023 1047 1060 1074 E.

621 1149 688 1180 227.
729 1150 774 1182 De
794 1151 903 1182 sancto
920 1149 1056 1182 Fiacrio.

169 1218 225 1252 la.
254 1219 342 1252 Voce
368 1219 475 1252 cordis
502 1220 691 1252 concinente
870 1221 928 1254 lb.
953 1221 1077 1262 Gaude,
1105 1221 1193 1264 Sion,
1218 1221 1285 1254 noli
1311 1219 1400 1259 flere,

253 1267 380 1300 Psallat
405 1269 523 1300 chorus
546 1278 631 1308 pura
654 1270 773 1309 mente,
951 1270 1053 1309 Fugit
1075 1269 1179 1301 hiems
1204 1272 1275 1301 orto
1301 1277 1388 1312 vere,

252 1315 375 1348 Austro
404 1317 501 1349 terris
524 1316 679 1349 influente
951 1318 1074 1349 Austro
1105 1319 1311 1357 comparatur
1334 1325 1412 1350 vere

301 1364 413 1404 Spirat
439 1373 519 1397 aura
543 1366 684 1397 nuntius.
998 1365 1120 1398 Beatus
1143 1365 1303 1398 Fiacrius.

166 1422 225 1456 2a.
252 1421 339 1454 Nam
362 1422 524 1454 medelam
550 1423 699 1455 sanitatis
867 1423 928 1458 2b.
949 1423 1044 1464 Fide,
1071 1423 1140 1456 vita
1163 1423 1215 1455 vir
1239 1422 1385 1464 insignis,

249 1470 375 1504 Auctor
400 1479 546 1504 summae
570 1471 725 1503 bonitatis
952 1472 1067 1505 Clarus
1092 1480 1152 1504 nec
1176 1479 1241 1503 non
1265 1470 1357 1503 miris
1381 1470 1494 1511 signis,

245 1517 364 1551 Morbo
392 1518 519 1551 confert
542 1520 665 1560 pressis
689 1520 790 1561 grat-is
951 1520 1164 1553 Attollendus
1191 1522 1239 1551 est
1267 1518 1434 1560 condignis

297 1566 379 1607 Ejus
406 1567 469 1607 piis
494 1567 657 1608 precibus.
997 1568 1137 1609 Hymnis
1163 1571 1260 1608 atque
1284 1567 1444 1600 laudibus.

164 1625 222 1658 3a.
249 1624 380 1657 Laudes
407 1634 482 1665 ergo
511 1624 718 1658 decantemus
867 1626 928 1662 ab,
952 1627 977 1660 Ο
1002 1626 1124 1665 Fiacri,
1159 1628 1272 1666 pastor
1296 1625 1390 1666 bone,

246 1672 293 1705 Et
317 1673 362 1705 ad
385 1673 492 1705 coelos
519 1674 673 1706 elevemus
949 1674 1018 1707 Fac
1043 1683 1102 1706 nos
1128 1672 1194 1706 frui
1220 1673 1342 1706 visione

250 1720 314 1753 Cor
339 1724 371 1753 et
392 1731 505 1754 manus
532 1725 564 1753 et
589 1731 716 1754 oremus
951 1723 1073 1755 Summi
1098 1722 1184 1763 regis
1216 1725 1248 1753 et
1274 1730 1412 1754 coronae

297 1768 387 1802 Voce
413 1773 520 1802 tamen
548 1771 707 1810 supplici:
1000 1771 1182 1811 Participes
1210 1769 1306 1803 effici.

239 1837 324 1865 Miss.
346 1837 494 1866 Remense
515 1838 585 1874 imp.
606 1837 734 1866 Parisiis
760 1835 843 1866 1513.
865 1854 903 1858 —-
923 1838 993 1866 Mel.
1017 1839 1166 1867 offenbar:
1186 1837 1318 1866 Verbum
1339 1837 1459 1865 bonum.

637 1930 708 1962 228.
749 1930 794 1962 De
815 1931 927 1962 sancta
946 1929 1031 1962 Fide.

161 2003 217 2037 la.
246 2002 387 2036 Sanctae
413 2002 506 2036 Fidis
533 1987 576 2035 acl
600 2002 755 2035 honorem
866 2002 883 2035 1
896 2002 927 2036 b.
949 2000 1078 2035 Psallat
1096 2003 1222 2041 chorus,
1244 2004 1389 2045 psallant
1406 2003 1507 2037 corda

246 2050 306 2090 Qui
333 2061 425 2092 spem
453 2051 547 2085 dedit
572 2053 605 2083 et
629 2050 791 2084 fervorem
949 2051 996 2083 Et
1020 2051 1174 2085 concordi
1198 2053 1331 2092 pulsent
1356 2052 1480 2085 chorda

295 2100 393 2133 Fidei
420 2100 609 2142 cultoribus,
1001 2099 1189 2141 Conjunctis
1214 2101 1440 2141 psallentibus.

158 2160 218 2193 2a.
245 2158 339 2192 Haec
363 2161 415 2191 est
439 2158 531 2199 virgo
557 2158 734 2192 benedicta
865 2158 928 2193 2b.
952 2157 1052 2199 Cujus
1073 2158 1150 2199 igne
1174 2158 1223 2190 sic
1246 2159 1352 2200 ignita

243 2207 290 2241 Et
314 2217 376 2248 pro
400 2206 467 2240 fide
492 2206 593 2240 Fides
621 2208 717 2248 dicta,
947 2206 992 2239 Et
1017 2215 1127 2239 amore
1152 2207 1200 2239 sic
1224 2207 1358 2248 munita,

291 2257 393 2298 Quam
422 2258 608 2289 constanter
631 2257 746 2296 tenuit,
1000 2255 1092 2295 Quod
1117 2256 1151 2288 i11
1176 2256 1265 2289 nullo
1290 2256 1407 2291 timuit.

156 2318 214 2351 3a.
242 2314 327 2348 Nam
350 2315 385 2348 in
411 2314 526 2355 poenis
550 2323 614 2347 non
641 2314 774 2355 expavit
864 2313 925 2350 3b.
950 2313 1085 2346 Nullam
1110 2316 1219 2347 tamen
1244 2314 1431 2356 laesionem,

241 2364 308 2398 Sed
332 2364 368 2396 in
392 2362 532 2399 flammis
558 2364 736 2396 exsultavit
947 2363 1082 2397 Nullam
1107 2364 1213 2396 sensit
1232 2364 1393 2397 ustionem

289 2414 408 2447 Prunis
437 2412 685 2454 crepitantibus,
998 2411 1130 2446 Cunctis
1157 2413 1406 2448 admirantibus,
