1652 2678
709 127 975 163 —297—

197 222 256 256 Va.
282 222 372 263 Ergo
398 222 509 257 dulcia
902 226 960 260 ¹7b.
981 226 1074 260 Haec
1098 228 1255 260 solemnia

284 269 414 304 Christo
442 272 569 306 cantica
983 274 1087 316 patris
1115 276 1282 309 celebrans

284 318 438 352 decantet
986 323 1102 355 devoto

282 370 397 400 nostra
414 369 536 410 concio,
565 369 625 411 eia,
986 371 1093 404 studio
1120 375 1216 413 atque
1240 375 1349 405 mente
1372 373 1438 414 pia.

197 425 259 459 8a.
285 424 394 466 Hujus
418 425 575 460 instantia
900 428 960 463 8b.
983 429 1097 462 Puella
1120 430 1251 471 nobilis,

284 473 415 508 Christo
441 476 544 509 servit
565 476 707 510 Francia
736 479 815 510 tota.
984 477 1028 510 ad
1075 481 1282 519 conspectum
1329 479 1490 519 praesulis

1282 526 1389 568 ducta,

283 570 419 612 Ipsique
445 572 617 605 commissa
982 573 1130 613 Expulso
1158 575 1313 607 daemone

284 621 335 651 est
359 619 394 651 in
420 623 509 653 sorte
985 621 1135 662 sospitati

282 667 474 710 apostolica,
984 670 1143 710 pristinae
1169 671 1256 712 data,

282 715 381 748 sorde
406 725 502 758 quam
529 716 738 749 daemoniaca
983 718 1078 759 longo
1105 719 1281 752 certamine
1306 718 1403 760 fessa,

282 765 478 804 expurgavit
985 766 1145 800 exstincta
1171 770 1220 799 est

281 820 410 844 sacrum
435 821 496 854 per
521 812 694 854 baptisma,
984 814 1119 846 absente
1143 815 1304 858 praesule,

282 859 350 893 fide
377 860 570 894 confirmans
984 861 1155 895 deficiente

279 908 316 941 iu
341 909 513 942 catholiea.
984 910 1128 951 corporis
1153 911 1231 945 vita.

197 968 257 1001 92.
285 966 388 1006 Quam
410 967 541 1000 rediens
899 968 961 1003 9b.
985 967 1076 1001 Siout
1102 976 1231 1001 caecum

280 1023 366 1056 mox,
393 1018 516 1056 sancte,
543 1016 680 1050 suscitas
981 1016 1109 1050 donasti
1134 1017 1255 1049 lumine

282 1065 317 1095 et
341 1061 458 1096 fortius
980 1063 1164 1106 infestoque

280 1111 385 1144 salute
409 1114 542 1153 vegetas
983 1114 1131 1153 purgasti
1158 1113 1324 1151 daemone,

282 1162 316 1191 et
340 1159 481 1192 remittis
505 1161 625 1193 laetam
985 1160 1025 1193 ab
1053 1161 1140 1193 omni
1165 1170 1223 1193 nos
1249 1169 1368 1201 purges

280 1207 324 1240 ad
347 1208 493 1249 propria.
985 1208 1122 1244 macula.

171 1266 254 1300 loa.
279 1266 349 1307 Quo
371 1268 480 1299 tecum
499 1266 569 1307 jugi
876 1266 960 1301 1010.
985 1266 1262 1299 Condeeantemus

281 1313 409 1347 laetitia
982 1314 1137 1354 Alleluja.

246 1400 332 1428 Miss.
352 1408 407 1428 ms.
429 1399 459 1428 S.
480 1400 612 1436 Remigii
633 1408 711 1428 saec.
734 1398 780 1428 13.
799 1400 871 1428 Cod.
885 1401 1024 1428 Remens.
1049 1398 1113 1427 122.
1134 1400 1201 1429 add.
1223 1409 1301 1429 saec.
1317 1398 1361 1428 15.
1376 1399 1516 1428 —Me1.:

166 1438 216 1468 Ad
237 1439 369 1467 celebres
390 1447 443 1466 rex
463 1439 576 1467 coelice
595 1438 708 1473 laudm,
729 1439 861 1467 violfach
882 1440 938 1467 mit
958 1439 1184 1468 abweiehender
1203 1439 1389 1476 Einteilung.
1429 1438 1516 1467 Naeh

173 1477 234 1506 Str.
254 1476 272 1506 9
292 1477 370 1515 folgt
388 1478 422 1505 in
438 1478 490 1506 der
512 1479 568 1507 Hs.
589 1476 682 1506 noch:

639 1514 687 1544 90.
709 1517 751 1545 Et
769 1515 800 1552 (1.
821 1515 866 1552 ut)
885 1518 1048 1553 restinguis

705 1556 790 1584 urbis
810 1556 991 1589 incendium,

706 1596 752 1623 sie
767 1596 801 1622 in
820 1595 910 1623 nobis

707 1633 828 1662 carnale
848 1634 966 1668 vitium,

706 1674 910 1709 impetresque
930 1680 1023 1710 regna

707 1711 831 1739 coelica.

249 1748 346 1776 Diese
364 1747 500 1784 Klausel,
522 1749 635 1777 welche
656 1749 714 1777 den
733 1749 899 1778 vorletzten
921 1749 1032 1778 Choral
1053 1750 1103 1777 ein
1124 1750 1228 1778 drittes
1246 1750 1310 1778 Mal
1330 1749 1516 1784 wiederholt,

170 1786 269 1816 diirfte
291 1786 383 1815 daher
400 1788 449 1816 ein
471 1789 606 1825 spaterer
626 1788 733 1816 Zusatz
755 1789 831 1816 sein.

613 1939 684 1972 394.
724 1940 769 1972 De
789 1939 899 1972 saneto
921 1939 1076 1980 Remigio.

173 2034 231 2068 la.
258 2032 404 2075 Fulgens
429 2042 555 2066 summa
579 2032 652 2065 luce
879 2030 938 2066 lb.
962 2029 1065 2063 Nobis
1090 2039 1188 2064 verae
1214 2031 1306 2072 pacis

254 2081 457 2123 meritorum,
484 2082 617 2123 praesul
962 2087 1061 2120 posce
1086 2080 1207 2123 sedem,
1234 2080 1289 2121 pie

304 2130 444 2173 Remigi‚
1009 2127 1148 2169 Remigi,

170 2192 230 2225 22.
255 2189 308 2223 Tu
332 2188 416 2222 vatis
441 2189 565 2222 lumina
877 2186 937 2220 2b.
962 2186 1053 2219 Vena
1077 2187 1192 2219 matris
1216 2187 1323 2220 lactea

254 2237 400 2271 tenebris
426 2237 543 2279 obsita,
960 2234 1027 2267 luci
1051 2234 1164 2269 reddis
1189 2235 1284 2276 illita,

304 2285 443 2331 Remigi,
1009 2283 1147 2326 Remigi.

169 2348 230 2382 3a.
256 2346 345 2380 Dum
372 2346 463 2387 capit
487 2345 652 2387 baptisma
877 2342 937 2377 3b.
959 2342 990 2375 A
1015 2342 1086 2375 Deo
1112 2343 1255 2379 mittitur

253 2405 315 2438 per
339 2397 374 2427 te
398 2404 477 2436 gens
505 2394 642 2435 Gallica,
963 2391 1146 2425 chrismatis
1172 2393 1325 2435 ampulla,

301 2444 441 2488 Remigi‚
1007 2440 1147 2483 Remigi,
