1652 2678
731 100 975 137 -19—

185 197 247 231 2a.
275 196 436 231 Visitatur
459 199 539 232 sede
566 200 608 233 de
631 208 750 241 supera
893 199 952 234 2b.
975 199 1123 233 Moratus
1137 198 1288 232 estfletus
1297 200 1339 233 ad
1350 208 1534 241 vesperum,

273 246 451 287 Babylonis
474 246 544 280 filia
568 248 697 289 misera,
975 247 1173 281 Matutinum
1198 250 1275 281 ante
1298 246 1473 281 luciferum

272 296 418 329 Persona
440 295 501 329 filii
527 297 628 330 missa
643 306 708 330 non
725 298 832 330 altera
975 296 1143 330 Castitatis
1168 304 1315 338 egressus
1339 299 1468 330 uterum

274 344 373 376 Venit
396 343 504 385 JesuS,
529 348 643 378 nostra
666 344 802 379 laetitia.
973 345 1532 386 Nostraecarnissumpsitmortalia.

186 401 244 434 3a.
272 401 369 434 Nube
394 401 500 435 carnis
525 403 705 443 majestatis
892 402 951 438 3b.
977 403 1072 444 Capit
1095 402 1185 435 Deus
1210 404 1390 443 temporale

320 450 497 483 occultans
521 451 701 491 potentiam
1023 452 1180 485 nascendi
1205 451 1403 493 principium

274 498 479 539 pugnaturus
504 503 701 533 armaturam
974 500 1018 533 Et
1043 500 1179 541 pudoris
1204 508 1268 533 non
1293 500 1414 532 amittit

324 556 388 579 non
410 547 547 580 assumit
571 547 693 589 regiam
1023 549 1114 589 virgo
1140 547 1347 589 privilegium

272 595 340 628 Sed
363 595 554 636 praetendit
575 595 708 629 inimico
974 596 1046 629 ‚Nec
1070 599 1147 637 post
1169 599 1300 637 partum
1324 596 1513 629 emarcescit

320 644 490 676 mortalem
516 643 742 679 substantiam.
1024 645 1184 678 castitatis
1210 644 1324 679 lilium.

185 702 244 734 4a.
272 700 381 734 Ardet
405 701 505 733 rubus
531 702 591 734 sed
615 701 746 734 ardenti
889 702 949 736 4b.
974 702 1028 735 Sic
1055 702 1180 744 virgine
1208 703 1358 744 pariente

270 749 347 782 Non
370 753 469 782 nocet
491 749 542 782 vis
568 750 731 791 elementi,
975 751 1077 784 Partu
1101 751 1184 783 nihil
1211 751 1400 785 destruente

316 796 465 831 Flamma
490 797 573 830 nihil
599 798 757 841 destruit3
1021 799 1201 840 Virginitas
1225 797 1345 833 floruit.

184 856 243 889 5a.
271 855 417 889 Solvitur
439 854 596 888 Abrahae
890 856 949 891 5b.
975 856 1054 890 Cum
1079 857 1110 889 ei
1134 857 1285 890 carminis

317 912 392 936 sera
415 904 599 946 promissio,
1022 905 1173 947 expletur
1196 906 1304 946 litera,

269 952 343 985 Jam
369 950 440 985 fere
464 953 588 985 saeculi
973 954 1054 995 Rex,
1080 954 1196 995 inquit,
1224 954 1333 986 veniet

319 1000 456 1033 decurso
486 1001 594 1041 spatio
1023 1003 1065 1035 de
1089 1002 1168 1035 sede
1192 1010 1321 1043 supera,

267 1048 372 1082 Nobis
397 1049 525 1081 locutus
549 1052 601 1082 est
974 1050 1036 1090 Qui
1059 1059 1216 1091 praesens
1239 1050 1405 1083 hominum

318 1096 408 1129 Deus
434 1098 467 1130 in
493 1095 573 1130 filio.
1019 1098 1146 1139 judicet
1170 1107 1281 1140 opera.

183 1155 244 1188 62.
274 1155 354 1189 Cum
380 1164 443 1187 non
470 1155 576 1187 salvet
598 1155 760 1188 hominem
888 1155 946 1190 612.
971 1155 1060 1188 Deus
1086 1155 1198 1188 orbem
1223 1156 1338 1189 visitat

316 1203 414 1244 Legis
440 1203 637 1244 observatio,
1019 1207 1095 1237 ortu
1118 1205 1315 1238 necessario.

183 1262 240 1294 Va.
269 1261 339 1294 Nec
360 1269 421 1301 per
445 1261 550 1300 legem
570 1269 649 1302 gens
667 1261 824 1297 salvatur,
887 1262 944 1296 7b.
970 1261 1082 1295 Donec
1106 1271 1262 1302 praesens
1286 1262 1438 1295 Elisaeus

266 1310 336 1342 Nec
361 1311 506 1341 mortuus
531 1310 707 1341 suscitatur
967 1310 1013 1342 Et
1037 1311 1071 1343 in
1097 1319 1195 1343 carne
1221 1319 1315 1343 verus
1340 1311 1430 1344 Deus

314 1358 380 1392 Per
403 1357 619 1398 praemissum
645 1357 806 1401 baculum,
1017 1358 1169 1392 visitavit
1195 1359 1370 1400 saeculum,

589 1417 621 1450 9.
649 1415 806 1455 Quoniam
831 1425 871 1448 ex
895 1419 930 1449 te
953 1417 1102 1451 Christus

697 1468 792 1497 natus
819 1467 870 1497 est
893 1465 927 1498 in
953 1474 1043 1506 arva,

647 1512 700 1545 De
725 1515 758 1545 te
781 1515 887 1546 mater
913 1517 1004 1546 casta

697 1561 867 1602 prooessit,
894 1561 1014 1595 Maria.

254 1618 374 1646 Prosar.
396 1627 450 1646 ms,
470 1618 674 1647 Laudunense
694 1627 772 1648 saec.
795 1616 841 1647 12.
863 1619 934 1648 Ood.
955 1619 1145 1648 Laudunont
1169 1617 1227 1648 263
1247 1619 1283 1647 A.
1305 1635 1344 1639 —
1364 1618 1455 1648 Grad.
1469 1628 1523 1647 ms

175 1655 416 1693 Compendiense
445 1665 523 1686 saec.
550 1656 596 1686 14.
624 1656 696 1685 God.
723 1658 889 1686 Parisiens.
916 1655 953 1687 13
962 1656 1020 1687 729
1046 1659 1082 1687 Β.
1110 1674 1150 1678 -
1182 1656 1236 1692 3b,
1258 1656 1276 1686 5
1303 1666 1348 1695 sq.
1373 1659 1526 1686 castitatis

179 1696 354 1724 emarcescit
372 1696 472 1725 lilium
492 1696 528 1724 A.
549 1713 588 1717 —
607 1696 661 1730 4a,
685 1695 699 1724 1
722 1698 829 1726 rubum
849 1697 882 1725 B.
898 1712 936 1718 -ω-
951 1696 1005 1730 7b,
1029 1696 1044 1726 1
1062 1698 1167 1726 Donec
1183 1698 1268 1726 venit
1280 1696 1423 1725 Elisaeus
1438 1697 1473 1725 Β.
1488 1714 1526 1718 -

176 1733 230 1768 71),
251 1732 270 1762 2
291 1737 322 1763 et
340 1735 373 1762 in
394 1743 483 1764 carne
503 1742 646 1771 praesens
666 1735 750 1764 Deus
771 1734 806 1763 A.
829 1751 865 1756 —

649 1805 692 1836 16.
729 1805 765 1837 In
783 1804 963 1837 Nativitate
983 1805 1042 1837 DN.

608 1863 640 1896 1.
667 1862 841 1895 Praecelsa

667 1910 869 1944 celebrantes
898 1910 1057 1944 solemnia

174 1970 233 2005 23.
260 1969 489 2003 Persolvamus
882 1970 943 2004 21³.
970 1968 1135 2003 Fraterna.
1159 1979 1225 2011 pax

259 2026 337 2052 voce
362 2019 535 2059 praeclara
965 2018 1105 2052 Domino
1130 2022 1225 2059 grata

260 2075 299 2100 ac
321 2076 407 2100 nova
433 2067 578 2109 cantica3
965 2068 1103 2100 resultet
1131 2068 1286 2101 carmina.

174 2126 234 2160 321.
260 2124 442 2158 Declarant
881 2125 941 2159 31).
962 2125 1083 2167 Maria,

258 2173 357 2208 hodie
386 2183 471 2208 nova
494 2174 651 2215 mysteria
963 2174 1055 2216 virgo
1076 2177 1247 2216 perpetua,
1274 2174 1407 2207 Domini

258 2222 341 2256 coeli
366 2226 511 2265 secreta3
961 2227 1068 2256 mater
1093 2226 1141 2256 est
1168 2222 1266 2257 facta.

171 2283 230 2315 4a.
258 2280 419 2324 Angelica
877 2281 937 2315 4b.
964 2281 1079 2315 Gloria

252 2331 323 2371 jam
348 2330 446 2364 turba
470 2332 603 2363 resonat
962 2330 1006 2363 sit
1029 2340 1091 2372 per
1116 2331 1257 2371 saecula,

254 2379 476 2414 modulamina
961 2388 1037 2420 pax,
1065 2379 1181 2422 quibus
1204 2379 1290 2413 bona

257 2428 365 2462 dulcia
392 2431 547 2462 cantans:
962 2431 1088 2463 constat
1114 2429 1275 2463 voluntas.

1296 2485 1341 2515 2*
